4734 6070
445 423 530 490 112
1197 415 1347 478 -

441 627 552 746 apud
591 623 850 745 praelectum
885 619 1132 744 provinciae
1158 617 1302 708 rivam
1329 617 1441 710 vidit
1469 643 1515 710 et
1540 621 1709 743 accepit
1735 653 1829 712 eam
1857 615 1904 710 in
1945 616 2132 708 Dauuria'

440 809 538 868 cum
567 783 845 868 antecedente
875 779 1047 884 vivere,
1084 807 1219 892 aqua
1246 797 1363 878 certe
1393 777 1558 867 diversa
1585 801 1630 865 et
1655 782 1713 866 ob
1740 775 1994 898 parvitatem
2023 771 2134 862 nulli

443 931 520 1020 alii
547 933 707 1050 speciei
736 935 1049 1024 adnumeranda
1077 929 1261 1034 videtur,
1292 927 1398 1018 licet
1423 961 1479 1020 ex
1507 930 1644 1020 iconis
1669 927 2017 1052 proportionibus
2045 956 2135 1015 om·

437 1084 540 1174 nino
568 1087 708 1204 junior
735 1055 829 1174 avii
853 1087 1061 1174 videatur.

575 1243 753 1330 Decor.
786 1239 960 1330 “Minor
987 1239 1128 1327 adhuc
1155 1241 1205 1325 G.
1236 1239 1418 1354 Virgine.
1473 1241 1669 1330 &snum
1694 1237 1877 1342 tenuius,
1906 1265 2034 1354 quam
2049 1231 2136 1341 illi,

385 1369 388 1376 ¹
435 1395 525 1499 „5‘'.
554 1391 626 1482 3”’.
661 1395 862 1514 longum,
904 1393 1088 1482 eviridi
1128 1391 1329 1478 albicans.
1397 1395 1535 1511 Caput
1574 1391 1759 1481 anterius
1794 1415 1839 1481 et
1876 1393 1955 1478 cub
1999 1387 2138 1477 oculis

436 1545 710 1654 „cinereum,
750 1549 968 1666 nigrisque
995 1545 1096 1666 pilia
1123 1576 1371 1664 respersum.
1431 1549 1473 1633 V
1468 1555 1633 1634 articam
1638 1608 1654 1649 ,
1691 1546 1768 1665 qui
1794 1577 1893 1634 cum
1918 1541 2138 1662 superiore

433 1723 585 1818 „parte
613 1703 719 1789 colli
751 1702 910 1820 plumis
944 1701 1266 1786 flavescentibus
1294 1723 1339 1786 et
1366 1697 1473 1790 albis
1501 1729 1579 1816 per
1614 1697 1929 1816 longitudinem
1967 1695 2139 1783 strictus

434 1874 553 1960 „est,
589 1857 733 1966 foscia
761 1852 898 1972 cingit
924 1853 1049 1958 alba,
1090 1851 1288 1968 utrinque
1316 1881 1458 1938 versus
1487 1851 1644 1942 collum
1675 1853 1950 1942 descendens.
2005 1849 2139 1942 ludes

437 2007 613 2114 „flavae
685 2007 913 2126 Palpebrae
940 2003 1191 2110 coccineae,
1248 2003 1521 2092 circumcirca
1549 2003 1650 2122 pilis
1678 2005 1809 2122 nigris
1837 2005 2015 2093 obsitae.
2084 2011 2138 2094 ln

438 2159 587 2276 „genis
625 2189 721 2246 area
763 2159 958 2260 cinerea,
997 2157 1155 2276 plumis
1196 2187 1313 2244 rarae
1352 2179 1547 2246 texturae
1575 2159 1758 2246 vestitus
1800 2165 1956 2274 (aures)
1998 2169 2137 2274 “queo

436 2319 619 2416 „annum
662 2308 865 2430 coccineo
901 2311 1173 2410 obscuriore,
1228 2308 1493 2427 apalpebris
1520 2313 1728 2426 producto
1757 2309 1954 2428 cingitur.
2024 2313 2139 2402 Gala

434 2463 605 2580 „primo
635 2466 756 2575 alba,
798 2465 903 2554 hinc
930 2463 1127 2572 cinerea,
1177 2472 1329 2551 collum
1355 2461 1569 2578 reliquum
1598 2462 1753 2552 album.
1828 2460 2010 2550 Inferior
2036 2493 2136 2582 pura

433 2627 716 2723 „uestitm'cum
755 2621 877 2725 alba,
921 2614 1113 2736 superior
1152 2617 1381 2706 earundem
1421 2615 1569 2730 regio,
1623 2648 1719 2703 curn
1748 2617 1897 2721 dorso,
1949 2613 2139 2706 cinerea.

435 2771 657 2888 „Remiges
684 2771 844 2890 nigrae.
913 2779 1024 2862 Tota
1051 2803 1180 2890 prono
1208 2768 1347 2872 facie,
1400 2765 1601 2876 cinerea,
1656 2769 1740 2862 uisi
1768 2796 1913 2856 versus
1940 2773 2139 2874 caudam,

436 2919 542 3025 „ubi
583 2925 691 3012 alba
759 2928 894 3014 Pedes
932 2924 1094 3044 pallide
1135 2924 1359 3026 rubentes,
1402 2949 1560 3038 ungues
1600 2921 1884 3040 nigricantes,
1934 2923 2140 3013 adunci.“

437 3073 590 3166 Gmel.
692 3181 696 3188 ,

574 3231 619 3316 N
624 3247 687 3318 ot.
714 3227 807 3316 Nisi
834 3228 1021 3348 parvitas
1046 3211 1271 3326 obstaret,
1299 3258 1397 3314 cum
1423 3259 1656 3346 pennarum
1683 3227 1948 3354 perfectione
1973 3239 2141 3348 juncta,

436 3411 515 3500 pro
543 3385 716 3502 Vipione
743 3412 818 3470 teu
843 3383 963 3514 pullo
990 3385 1112 3474 Graia
1136 3385 1367 3497 Antigones
1394 3379 1650 3474 habuissem.

838 3749 1732 3864 xxxvss.clcoN1Au.

1125 3985 1443 4008 m

581 4135 711 4224 Ratio
738 4165 823 4223 non
853 4129 979 4220 facile
1006 4133 1130 4220 datur
1142 4196 1158 4237 ,
1184 4163 1314 4250 quaro
1345 4133 1616 4226 Ciconiamm
1643 4139 1806 4257 species
1833 4141 1942 4228 adeo
1973 4143 2137 4232 locales

438 4313 547 4396 suat,
575 4319 705 4406 quum
732 4311 875 4378 tamen
906 4287 994 4372 lere
1021 4285 1180 4400 ubique
1205 4289 1407 4404 pabulum
1438 4293 1716 4408 adaequatum
1736 4291 1931 4381 invenire
1960 4317 2137 4412 queant.

437 4443 650 4561 Equidem
677 4441 851 4560 planum
877 4461 954 4544 est,
983 4439 1250 4556 Hispaniam,
1281 4443 1464 4530 Galliam
1493 4465 1536 4530 et
1564 4445 1789 4535 Tauricam
1819 4446 2137 4536 Chersonesum

435 4593 538 4688 ideo
566 4597 620 4682 ab
647 4593 738 4682 illis
765 4619 849 4680 uon
873 4591 1146 4708 frequentari,
1175 4595 1291 4709 quod
1317 4615 1491 4714 propter
1517 4597 1668 4686 aestivi
1696 4597 1888 4688 humoris
1914 4601 2137 4688 defectum

434 4771 480 4840 et
516 4745 736 4868 penuriam
776 4747 945 4834 lacuum
980 4765 1025 4830 et
1059 4773 1260 4862 aquamm
1299 4749 1608 4866 stagnantium,
1659 4783 1786 4840 ranae
1820 4775 1865 4840 et
1898 4753 2038 4872 pisces
2065 4749 2138 4844 ibi

437 4901 605 5006 deaiots
656 4901 715 4990 ob
740 4896 993 4988 contrarium
1013 4921 1175 4988 contra
1200 4898 1410 4990 rationem
1435 4901 1629 5026 copiosas
1653 4935 1745 4996 aare
1772 4905 2015 5026 inaquosis
2048 4909 2139 4996 Ae·
