4770 6042
475 473 509 570 8
670 487 687 512 ⁶
1258 482 1406 544 -

622 689 672 772 In
700 681 818 772 omni
847 677 996 770 Ros'sia
1022 689 1068 766 'et
1096 674 1277 782 Sibiria,
1319 675 1449 762 etiam
1478 673 1663 764 maxime
1691 675 1930 784 borealibus
1957 679 2062 770 locis
2091 679 2170 772 sre-

481 865 613 954 queus
643 837 757 934 avis,
796 860 996 922 autumno
1023 865 1120 921 cum
1147 827 1369 916 Emberiza
1396 829 1531 914 nivali
1559 833 1611 916 ab
1640 853 1756 918 arcto
1784 835 2037 940 adventans,
2066 832 2169 952 hye-

481 1015 553 1074 me
582 989 695 1075 circa
722 985 875 1074 horrea
902 1011 945 1074 et
974 987 1020 1074 in
1049 985 1186 1108 sylvis·
1208 979 1420 1098 gregaria,
1446 982 1559 1068 unde
1581 1003 1681 1068 tunc
1709 981 1754 1068 in
1777 983 1952 1089 Rossia,
1980 985 2168 1074 maxime

481 1171 559 1258 pro
587 1139 814 1244 urbicolis,
852 1137 1024 1258 copiose
1054 1137 1108 1224 ad
1136 1135 1279 1224 cibum
1310 1133 1486 1251 capitur.
1543 1133 1731 1220 Pascitur
1759 1135 1966 1250 gemmis,
1994 1136 2170 1224 curioni·

480 1295 589 1392 bus,
617 1291 845 1378 seminibus
873 1291 1012 1377 variis.
1052 1297 1226 1376 Aestate
1256 1286 1525 1404 dispergitur.
1554 1287 1711 1372 Nidum
1739 1287 1862 1373 struit
1889 1288 2079 1392 ramulis,
2108 1289 2171 1376 in·

480 1443 611 1530 terius
643 1443 842 1530 radiculis
869 1443 1119 1559 quibusdam
1147 1439 1419 1544 rubentibus,
1459 1441 1628 1528 demum
1654 1439 1755 1557 pilis
1784 1441 1977 1556 equinis,
2007 1443 2171 1527 aliisve.

481 1595 637 1683 Tribus
666 1595 912 1712 septimania
939 1595 1128 1682 incubat.
1198 1595 1292 1680 Ova
1321 1591 1651 1680 coerulesccnti·
1666 1595 1774 1683 alba.
1830 1599 1881 1678 In
1910 1591 2171 1682 Camtschat·

481 1777 530 1834 ca
559 1775 726 1864 quoque
756 1748 877 1850 dari,
929 1751 1054 1834 Stel
1067 1755 1083 1836 l
1096 1779 1163 1834 cr.
1218 1743 1386 1832 Anethi
1413 1773 1557 1832 semen
1592 1773 1802 1834 venenum
1828 1747 1898 1834 illi
1925 1743 2172 1865 praesentis·

479 1896 635 1984 simum
663 1929 777 2004 esse,
807 1907 856 1985 E.
886 1907 947 1987 M.
978 1903 1255 1986 Decasta.

620 2055 664 2136 N
675 2073 741 2138 ot.
786 2055 1003 2138 Foemiuae
1037 2051 1083 2136 in
1112 2049 1266 2137 Sibiria
1301 2049 1465 2167 saepius
1499 2072 1613 2135 totae
1661 2047 2173 2169 plumbeo-canescentia,

482 2201 627 2288 subtus
655 2203 865 2290 dilutioris
893 2227 989 2290 suut
1016 2201 1194 2302 coloris,
1236 2201 1445 2318 uropygio
1473 2224 1613 2288 tamen
1644 2205 1799 2311 niveo,
1838 2203 2000 2292 vertice
2029 2231 2172 2288 coeru-

483 2351 918 2443 lassanti-stenima
989 2359 1130 2472 Vulgo
1159 2378 1299 2440 autem
1325 2353 1489 2439 ibidem
1516 2377 1611 2438 sunt
1638 2355 1806 2442 vinacei
1833 2357 1976 2442 subtus
2003 2351 2172 2460 coloris,

479 2501 570 2586 sere
595 2505 811 2618 palumbi,
842 2531 889 2594 ut
915 2509 963 2595 in
993 2509 1139 2594 Rossia
1160 2529 1205 2590 et
1224 2511 1390 2622 Europa
1418 2503 1595 2621 reliqua.
1651 2511 1855 2596 Rectn'ces
1881 2529 2002 2594 extus
2027 2535 2173 2592 coeru-

477 2651 616 2739 lantes
630 2691 643 2750 ,·
673 2657 832 2744 alarum
862 2671 1046 2747 rectrices
1072 2657 1298 2775 primariae
1329 2655 1777 2762 luscescenticanae,
1804 2661 2069 2748 secundariae
2096 2687 2170 2744 ex·

480 2803 696 2890 tremitate
724 2810 925 2924 plumbeo
939 2861 953 2877 -
967 2839 1118 2911 canas,
1147 2807 1238 2893 basi
1266 2807 1451 2892 exterius
1481 2831 1571 2895 arro
1599 2811 1888 2916 coerulsnres,
1916 2809 2173 2897 constituen-

480 2975 546 3040 tea
575 2955 747 3044 fasciam
784 2963 875 3048 alae
911 2989 1121 3080 expansae
1157 2959 1384 3047 cinereum.
1454 2962 1619 3048 Pondus
1646 2961 1818 3048 feminis
1844 2993 1969 3080 saepe
1997 2961 2072 3048 vix
2099 2991 2172 3048 un·

481 3106 616 3212 ciale,
644 3115 839 3200 masculis
860 3137 903 3224 94
919 3111 1236 3220 drachmarum,
1265 3143 1345 3200 nec
1372 3113 1496 3202 ultra.
1538 3113 1780 3232 Longitudo
1807 3125 1985 3204 intestini
2000 3129 2049 3206 25
2065 3113 2171 3234 poll.

482 3263 620 3350 Cossa
646 3268 822 3382 parvula
856 3269 940 3362 alm.

575 3517 688 3606 180.
727 3517 1044 3613 praru
1070 3519 1114 3610 u
1140 3515 1246 3608 ra
1292 3517 1608 3638 erythrum.
1657 3519 1811 3670 raa.
1857 3519 2083 3613 XXXVI.

413 3850 422 3866 ·
622 3725 667 3806 Ρ.
695 3743 829 3810 rostro
856 3725 1119 3824 minusculo,
1146 3753 1323 3842 corpore
1353 3725 1515 3840 (maris)
1544 3729 1697 3834 rubro,
1740 3730 1884 3815 subtus
1913 3727 2082 3834 albida,
2112 3757 2173 3814 ar·

483 3871 608 3958 tubus
635 3872 777 3962 luscis.

710 4025 995 4142 Erythraeus,
1043 4029 1225 4146 passeris
1246 4059 1402 4145 genus,
1454 4031 1735 4120 Messerschm.
1778 4061 1865 4120 ons.
1906 4033 1997 4118 MS.
2027 4031 2101 4116 IV.
2129 4063 2172 4150 p.

764 4197 860 4270 51.
888 4215 928 4268 n.
1016 4243 1028 4267 .

703 4199 840 4418 Luxia
881 4199 1123 4448 cryilirina,
1176 4334 1284 4420 Pau.
1321 4333 1430 4421 Nou.
1459 4337 1575 4424 Com.
1604 4339 1712 4424 Pccr.
1739 4337 1855 4423 XIV.
1886 4371 1927 4452 p.
1958 4349 2053 4452 587.
2085 4337 2171 4424 tab.

765 4499 830 4570 23.
925 4549 936 4570 .
971 4521 1004 4570 ι.

710 4482 960 4750 ΐΡτὶηζῖΙε
988 4641 1204 4742 flammea,
1234 4643 1324 4726 Lin.
1356 4659 1466 4756 syst.
1488 4643 1592 4728 xit.
1623 4645 1655 4728 1.
1685 4677 1726 4762 p.
1757 4657 1850 4734 aaa.
1881 4647 2009 4730 Faun.
2038 4675 2097 4730 au.
2126 4673 2166 4728 n.

638 4863 642 4874 .
765 4801 856 4874 236.
898 4791 1078 4876 Brisson.
1121 4823 1205 4878 orn.
1245 4796 1324 4878 111.
1367 4827 1409 4912 p.
1458 4809 1547 4886 155.
1587 4799 1638 4884 Ε.
1681 4801 1872 4886 Larisum.
1900 4827 1994 4912 syn.
2025 4796 2099 4882 W.
2128 4824 2170 4911 p.

762 4953 854 5048 259·
884 4939 970 5026 tab.
998 4959 1067 5054 47.
1664 4993 1674 5004 ·
