4770 6042
1568 433 1572 441 ,

1906 491 1957 554 ¹¹
2026 527 2032 537 ι

267 686 360 774 rius
387 683 462 772 rix
486 681 579 772 basi
605 681 741 772 albae.
806 684 1008 774 Tectrices
1032 684 1256 804 primariae
1283 689 1443 795 limbo,
1473 693 1742 782 secundariae
1770 715 1861 782 tota
1885 719 1956 780 ex·

271 839 490 928 eternitate
517 841 651 940 albae3
680 840 954 926 incumbentes
982 842 1124 945 albae,
1154 841 1246 926 basi
1274 841 1432 956 nigrae.
1489 847 1618 932 Bases
1645 847 1805 932 alarum
1833 877 1958 966 supra

274 998 426 1082 rubrae
455 993 597 1076 subtus
621 992 756 1076 albae.
805 995 954 1080 cauta
981 1023 1155 1108 corpore
1180 993 1372 1108 longior;
1397 997 1680 1084 subcuneata:
1707 1009 1894 1088 rectrices
1920 1016 1961 1104 4.

274 1148 436 1234 arebat
462 1147 632 1259 nigrae,
660 1142 872 1228 exteriore
901 1143 1088 1258 margine
1118 1146 1214 1230 albo
1243 1147 1311 1234 vel
1340 1173 1487 1250 roseo,
1523 1183 1540 1228 1
1575 1197 1626 1214 -
1661 1183 1692 1232 r.
1719 1149 1847 1265 paulo
1872 1153 1965 1236 bre·

274 1297 492 1396 viores,e
524 1347 574 1362 -
605 1309 644 1382 3.
681 1295 901 1410 aequales,
931 1293 1297 1410 longitudinaliter
1323 1295 1549 1384 dimidiato
1562 1349 1578 1366 ·
1591 1299 1740 1406 albae,
1769 1307 1960 1388 laterales

274 1449 432 1536 sensim
457 1445 672 1532 breviores
701 1445 849 1552 albae,
889 1445 1042 1534 rhachi
1069 1446 1187 1563 nigra
1198 1507 1214 1550 ,
1240 1465 1269 1556 4
1297 1499 1352 1523 --
1378 1467 1425 1557 4.
1456 1449 1589 1537 etiam
1614 1449 1790 1539 interius
1819 1481 1965 1539 versus

272 1600 396 1689 basin
422 1598 689 1713 nigricantes.
751 1601 879 1686 Pedes
905 1602 1027 1687 fusci.
1518 1699 1521 1706 ¹

411 1755 683 1850 Foemirra;
721 1784 847 1868 supra
875 1750 1046 1840 cinereo
1064 1751 1281 1868 -pallida,
1309 1751 1448 1840 lituris
1475 1743 1603 1844 bracis
1616 1817 1632 1858 ,
1668 1755 1875 1869 quaedam
1901 1785 1968 1842 ru·

272 1911 378 1996 bore
406 1903 717 1994 obsoletissimo
747 1907 1046 2004 adumbratae‚·
1073 1905 1215 1994 subtus
1243 1907 1316 1994 vel
1344 1907 1506 2023 pallido
1534 1909 1676 2008 albae,
1705 1909 1775 1993 rel
1804 1906 1967 1993 obsole-

270 2055 437 2144 tissima
462 2056 745 2160 rubicundae,
785 2056 1032 2178 praesertim
1071 2079 1259 2174 pectore.
1330 2061 1592 2178 Uropygr'um
1629 2061 1878 2176 plerumque
1906 2058 1969 2143 lu·

272 2209 413 2296 tescit.
483 2212 628 2297 Facies
654 2243 751 2297 cum
779 2219 886 2298 callo
922 2209 1155 2298 senioribus
1196 2212 1640 2328 argenteoairidula,
1683 2233 1731 2298 ut
1756 2211 1803 2298 iu
1835 2237 1966 2298 mare.

274 2370 425 2456 Caede
452 2363 574 2453 utin
602 2395 741 2469 mare,
771 2367 846 2450 sed
874 2377 1047 2448 rectae
1080 2415 1128 2432 -
1156 2375 1192 2446 3.
1223 2365 1392 2479 nigrae,
1420 2388 1468 2450 ut
1495 2364 1747 2464 medianae,
1777 2360 1968 2478 margine

272 2519 488 2608 exteriore
517 2517 637 2602 albae
666 2539 710 2602 et
738 2545 863 2633 saepe
891 2515 1054 2600 macula
1083 2495 1321 2602 lanceolata
1348 2545 1490 2604 versus
1518 2514 1685 2630 apicem
1713 2516 1822 2600 alba.
1872 2514 1971 2600 Pee-
2089 2569 2101 2578 ·-

275 2695 345 2764 tus
371 2670 622 2787 quibusdam
649 2666 1017 2786 longitudinaliter
1044 2669 1161 2754 fusco
1174 2719 1188 2733 ·
1201 2664 1404 2753 striatum.

416 2826 657 2912 Verterat
683 2824 882 2908 dauunca
909 2819 1044 2906 multo
1072 2820 1205 2934 magis
1232 2817 1443 2924 canescit,
1484 2815 1622 2904 rninus
1651 2841 1868 2934 argentata
1902 2845 1969 2904 ca·

275 2981 397 3099 pite,
439 2976 581 3062 colore
609 2973 864 3061 exsoletiore
893 2969 1011 3056 etin
1038 3001 1190 3086 genere
1218 2969 1356 3056 minus
1382 2973 1579 3086 pulcrae,
1622 3001 1749 3086 quam
1778 2999 1885 3086 quae
1914 2972 1970 3056 ad

276 3124 516 3226 Jeniseam,
569 3129 758 3246 pondere
786 3153 862 3213 sex
889 3146 935 3209 et
961 3125 1071 3209 ultra
1105 3121 1428 3216 drachmarum,
1469 3143 1513 3208 at
1541 3118 1609 3204 his
1640 3119 1800 3244 rixas.
1829 3123 1900 3206 vel
1928 3135 1969 3210 5.

277 3249 474 3373 Aeaeae
495 3277 641 3366 adhuc
667 3277 902 3364 sordidiore
930 3277 1087 3363 colore.
1157 3279 1372 3362 Mensurae
1399 3271 1587 3388 corporis
1615 3274 1668 3357 ab
1696 3271 1818 3389 apice
1845 3269 1971 3360 rostri

279 3438 339 3526 ed
366 3464 482 3551 urop.
511 3436 572 3522 δ”.
603 3439 674 3520 6''‘.
733 3432 882 3518 Gauda
911 3432 971 3517 δ”.
1000 3431 1071 3536 4’”.
1100 3427 1260 3514 alarum
1302 3453 1579 3542 expansarum
1596 3424 1669 3514 '6‘ss
1701 3426 1771 3510 am.
1799 3453 1970 3540 compo·

278 3589 479 3689 sitarum
506 3585 709 3672 tibiarum
736 3585 807 3693 7''‘.
855 3581 1126 3668 Ventriculus
1153 3578 1375 3675 triturans,
1414 3577 1527 3665 mole
1555 3575 1724 3690 majoris
1751 3575 1849 3692 pisi.
1917 3581 1969 3660 In

277 3749 463 3856 ingluvie
501 3735 662 3824 semina
702 3733 908 3830 minuta,
953 3736 1093 3820 Testes
1125 3729 1238 3816 Julio
1277 3727 1568 3844 turgidissimi.
1642 3733 1882 3820 intestinum
1920 3757 1963 3814 rr
2075 3822 2081 3836 ⁸
2172 3829 2175 3838 Ι

277 3891 515 4014 Ροὶῆειιως
544 3921 668 3981 coeca
695 3889 780 3976 duo
807 3885 986 3973 minima
997 3945 1013 3988 ,
1041 3885 1117 3974 vix
1146 3882 1217 3973 3'‘'.
1245 3885 1297 3970 ab
1326 3909 1407 3976 ano
1433 3876 1648 3970 dismnua.
