4734 6070
1005 525 1151 580 ==
1411 475 1415 483 ’
1851 525 1949 612 97·

336 719 510 815 Rossice
540 717 723 824 nudam
778 721 1021 812 Malorossis
1056 725 1285 830 Drocbma3
1342 707 1395 813 ad
1423 721 1586 814 Jaicum
1614 727 1730 816 etin
1757 725 1915 819 Sibirir

394 883 513 996 Drap
541 881 611 966 ve]
639 883 832 999 Stepnajo
858 882 1013 966 Kuriza
1040 880 1304 994 (camporum
1333 879 1535 993 Gallina).
1762 863 1769 878 ⁶

337 1031 559 1117 [ettonice
586 1035 731 1145 Sthga.
762 1061 768 1074 ·
1231 1146 1237 1160 ι

337 1181 503 1269 Tataris
531 1187 725 1279 Soadah3
753 1180 928 1297 Kirgisie
955 1183 1197 1283 narratam
1228 1181 1420 1270 Sibiricis
1448 1185 1699 1301 quibusdam
1727 1190 1884 1276 Korde.

337 1337 555 1451 Mongolis
589 1317 766 1422 Todach'
793 1358 837 1418 et
868 1337 1041 1420 Torreat
1054 1371 1069 1431 ‚·
1097 1366 1184 1420 mas
1212 1341 1410 1424 Sachaltit
1437 1337 1477 1424 i.'
1499 1371 1538 1426 e.
1570 1343 1779 1428 barbatus.

341 1488 550 1602 Tungusis
577 1485 789 1573 Dauuriae
820 1489 979 1574 deoh.
1028 1563 1035 1570 ,

365 1640 461 1728 Otis
487 1639 534 1724 in
559 1641 738 1726 desertis
767 1636 1067 1754 campestribus
1096 1640 1296 1746 Rossiae,
1348 1645 1543 1731 Tatariae
1572 1677 1747 1762 magnae
1776 1639 1820 1732 e't
1849 1678 1917 1732 au·

226 1790 423 1881 stralibus
452 1790 632 1878 Sibiriae
658 1791 767 1879 citra
795 1797 953 1876 Lenam
967 1853 981 1891 ,
1020 1816 1139 1879 utet
1164 1823 1438 1910 peromnem
1468 1777 1722 1898 Ueraniam‚
1753 1799 1919 1916 Voihy·

223 1945 342 2031 niam
371 1968 415 2030 et
449 1944 671 2030 Podoliam
699 1943 1036 2056 frequentissima
1071 1969 1162 2051 est,
1217 1948 1375 2033 Martio
1400 1955 1486 2063 jam
1516 1953 1568 2034 ab
1596 1943 1744 2036 austro
1757 1955 1917 2037 ,adven-

223 2119 342 2203 tans,
397 2120 444 2180 et
482 2125 559 2212 per
598 2094 716 2212 paria
759 2125 802 2181 se
845 2093 1117 2211 dispergens,
1175 2120 1376 2185 autumno
1415 2101 1632 2188 turmatim
1677 2103 1919 2218 remigrans.

226 2257 412 2368 Hyemat
439 2272 605 2349 autem,
646 2248 913 2366 potissimum
941 2247 1114 2361 quidem
1144 2275 1264 2337 extra
1293 2252 1467 2367 Imperii
1494 2252 1652 2338 limites
1680 2255 1726 2340 in
1756 2256 1923 2340 Molda·

225 2403 322 2507 via,
351 2402 580 2505 Anatolia,
610 2398 751 2486 Persia
763 2462 778 2500 ,
804 2399 1001 2499 Tataria,
1031 2402 1276 2516 Mongolia,
1308 2406 1382 2487 sed
1410 2427 1555 2488 tamen
1580 2407 1805 2519 quotannis
1836 2437 1921 2490 ma-

225 2585 310 2673 gno
337 2584 514 2641 numero
543 2551 794 2668 commigrat
818 2552 865 2638 in
894 2551 1203 2638 Chersonesum
1229 2555 1476 2660 Tauricam,
1507 2557 1582 2642 ubi
1610 2589 1740 2674 usque
1769 2560 1823 2643 ad
1850 2558 1923 2644 fri·

225 2739 326 2825 gora
353 2709 400 2793 in
427 2707 652 2824 campestri
682 2705 880 2820 regione,
912 2705 1133 2830 ingruente
1162 2709 1310 2792 bruma
1336 2705 1384 2792 in
1413 2739 1486 2793 ora
1514 2734 1735 2797 montuosa
1763 2735 1809 2797 et
1837 2712 1920 2829 syl-

224 2861 353 2948 vestri
385 2857 589 2977 gregatim
619 2882 819 2946 versatur.
890 2857 1065 2958 Mitiore
1096 2858 1254 2974 hyeme
1281 2861 1415 2947 etiam
1443 2861 1490 2947 in
1525 2865 1822 2952 Astracanensi
1848 2869 1943 2962 dte-2
2030 2863 2034 2872 ’

224 3037 366 3119 certe,
433 3010 681 3130 praesertim
721 3043 822 3098 vero
863 3011 975 3098 circa
1022 3011 1202 3099 Cumam
1241 3035 1288 3100 et
1326 3022 1461 3102 Terec
1503 3015 1651 3102 fluvios
1695 3015 1922 3132 hybernat.

226 3170 408 3282 Quando
435 3169 641 3267 nebulae,
680 3167 750 3251 vel
776 3163 922 3280 pluvia
950 3194 1047 3250 cum
1078 3166 1177 3280 gelu
1203 3165 1345 3252 subito
1373 3167 1597 3268 incidunt,
1634 3171 1804 3284 plumae
1832 3161 1924 3256 illie

224 3320 341 3408 circa
367 3321 555 3435 jugulum
582 3343 629 3406 et
654 3317 702 3403 in
729 3321 853 3404 dorso
881 3349 1016 3403 crassa
1047 3317 1183 3432 glacie
1211 3318 1493 3405 incrustantur
1522 3321 1657 3421 adeo,
1696 3344 1744 3407 ut
1772 3326 1921 3409 subvo-

226 3472 316 3558 lare
343 3497 579 3588 nequeant,
632 3472 702 3557 vel
730 3469 767 3556 si
795 3473 1017 3556 subvolent
1043 3503 1067 3555 a
1099 3473 1288 3587 pondere
1323 3472 1478 3585 glaciei
1506 3477 1645 3560 denuo
1685 3459 1922 3592 depriman-

225 3649 310 3712 tur.
379 3632 500 3711 Tunc
527 3625 574 3710 in
602 3623 757 3710 Tauria
783 3624 957 3709 canibus
983 3646 1028 3708 et
1056 3623 1247 3709 manibus
1277 3623 1500 3740 capiuntur
1526 3657 1798 3732 numerosae,
1850 3629 1922 3714 vel

227 3779 407 3866 fustibus
434 3777 694 3884 occiduntur,
723 3775 841 3863 etin
868 3777 1005 3860 forum
1034 3777 1301 3861 advehuntur
1329 3777 1468 3894 plenis
1501 3775 1724 3883 vehiculis,
1764 3780 1922 3897 partim

226 3931 378 4034 vivae,
418 3932 575 4048 partim
614 3961 773 4018 caesae.
846 3935 998 4042 Neque
1038 3952 1139 4014 tunc
1179 3929 1226 4014 in
1266 3961 1417 4047 campo
1460 3929 1750 4046 deprehensae
1778 3935 1921 4018 volare

227 4105 422 4190 tentant,
465 4086 540 4171 sed
568 4081 735 4170 homini
762 4114 807 4168 se
836 4105 1084 4198 opponunt,
1127 4083 1271 4170 hiante
1280 4089 1432 4170 “rostro
1461 4107 1506 4168 et
1532 4083 1620 4168 ictu
1648 4081 1921 4169 humerorum

227 4237 523 4324 minabundae.
592 4235 868 4351 Rigidissima
896 4235 1051 4350 hyeme
1081 4237 1180 4322 anni
1216 4251 1329 4324 1803.
1359 4236 1406 4322 in
1432 4235 1586 4320 Tauria
1614 4265 1744 4351 usque
1773 4236 1819 4322 in
1848 4233 1920 4352 op·
1989 4306 1995 4319 ,

225 4389 330 4506 pide
356 4414 400 4476 et
426 4421 555 4507 pagos
593 4386 893 4503 confugiebant
917 4413 964 4475 et
988 4390 1033 4474 in
1061 4390 1192 4475 tectis
1226 4384 1515 4474 considebant.
1587 4395 1642 4474 Et
1668 4391 1821 4502 frigore
1849 4385 1923 4504 pe'·

225 4541 388 4628 rierunt
426 4542 544 4629 haud
581 4571 754 4658 paucae.
825 4540 976 4656 Aliqui
1016 4544 1221 4646 referunt,
1265 4571 1401 4625 mares
1430 4539 1518 4626 ess'e
1546 4542 1792 4657 polygamos
1821 4539 1919 4626 cunt¹

223 4695 443 4812 pmriunt,
487 4696 602 4810 quod
630 4725 682 4779 eo
709 4691 847 4778 minus
874 4699 1030 4800 credo,
1071 4697 1186 4810 quod
1213 4723 1312 4779 vere
1342 4717 1387 4776 et
1411 4717 1601 4808 tempore
1629 4691 1917 4777 incubationis'

223 4845 273 4934 in
300 4847 479 4934 desertis
507 4848 756 4963 plerumque
785 4877 861 4963 per
888 4848 1006 4963 paria
1034 4849 1297 4934 ambulantes
1325 4844 1522 4931 viderim.
1580 4846 1753 4931 Certum
1780 4867 1921 4929 autem

221 4997 354 5087 nestri
381 5023 572 5117 tempore
600 5031 733 5088 mares
762 5031 947 5118 expansa
973 5000 1134 5089 flabelli
1162 5028 1278 5086 more
1305 5001 1438 5086 cauda
1465 4996 1709 5116 superbire,
1752 5020 1798 5082 et
1824 5027 1926 5106 con·¹

1428 5169 1476 5243 13
