4696 6054
953 473 1139 532 *Ε
1806 481 1907 566 urs

219 680 444 798 longitudo
473 681 647 781 eadem,
678 674 781 764 licet
809 675 897 764 avis
925 677 1075 764 minor.
1113 682 1296 764 Generat
1325 684 1460 795 pullos
1486 676 1625 796 primo
1654 711 1766 770 anno
1793 680 1909 770 cine·

217 865 327 922 reos.
354 885 411 904 -
437 837 693 920 Stellerua
717 830 909 948 prodidit
936 833 988 916 ad
1016 829 1263 916 inleriorem
1291 837 1449 917 Lenem
1478 836 1619 920 Oloris
1656 834 1746 920 dari
1775 833 1909 922 varie·

203 1001 354 1076 'tatem
381 987 456 1073 vix
483 991 646 1073 Ansere
673 983 960 1100 erythropode
989 989 1208 1096 majorem,
1244 1015 1351 1098 quae
1381 987 1513 1072 multa
1540 986 1706 1074 habeat·
1723 987 1907 1104 peculia·

215 1139 309 1244 ria,
339 1140 414 1224 sed
443 1147 560 1253 cujus
587 1136 816 1252 descriptio
845 1164 1048 1250 nusquam
1076 1136 1122 1219 in
1147 1139 1290 1224 MSuir
1317 1146 1406 1252 ejus
1441 1161 1604 1244 exstat,
1646 1161 1690 1225 et
1717 1141 1824 1226 forte
1854 1142 1908 1227 de

217 1259 385 1378 Ansere*
403 1292 657 1408 hyperboreo
685 1290 838 1376 ralatio
863 1289 1158 1405 intelligenda,
1185 1320 1311 1406 quem
1339 1291 1514 1380 Ostiaci·
1533 1322 1699 1410 quoque
1714 1304 1910 1408 Cygnum

216 1465 379 1531 mulum
408 1444 636 1559 appellant.

355 1597 399 1680 N
403 1615 466 1684 ot.
498 1613 537 1682 n.
580 1597 665 1683 ·ob
691 1615 891 1710 maguam
918 1597 1170 1711 Cygnonrm·
1189 1597 1359 1714 copiam
1385 1598 1539 1715 lanugo
1568 1595 1921 1686 eorum‘inornni‘

210 1747 400 1854 Sibiria,
430 1745 661 1863 Rossiaque
691 1747 961 1854 australium,
991 1777 1138 1866 parum
1165 1752 1396 1868 populosa,
1439 1751 1729 1869 copiosissime
1757 1750 1907 1868 colligi
2029 1755 2034 1772 '

206 1924 372 2020 posset.
431 1903 516 1986 Sed
543 1901 792 2017 plerumque
820 1901 1050 2017 negligitur
1078 1924 1123 1989 et
1148 1883 1317 1990 barbari
1344 1904 1593 2021 praesertim
1615 1915 1784 2020 Cygnos
1812 1935 1908 2021 pro-

209 2077 313 2171 pter
339 2084 484 2142 earnes
509 2077 674 2140 tantum
701 2053 904 2140 occidunt
930 2077 974 2140 et
1000 2057 1164 2172 plumas
1189 2056 1287 2171 igne
1318 2060 1553 2160 omburunt,
1581 2087 1635 2142 ne
1654 2057 1821 2174 longius
1849 2056 1906 2141 la·

208 2231 380 2294 cessant
406 2206 641 2322 negotium.
701 2206 936 2324 Cupiuntur
962 2233 1102 2296 autem
1132 2209 1258 2296 variis
1286 2207 1451 2325 laqueis
1478 2209 1735 2326 retibusque,
1762 2233 1810 2296 ut
1837 2239 1906 2298 au·

207 2387 330 2448 seres
342 2398 356 2458 ,·
396 2389 546 2476 magna
585 2388 686 2445 vero
727 2359 852 2475 copie
880 2361 927 2446 in
954 2361 1060 2465 locis
1088 2361 1294 2464 desertis,
1335 2358 1411 2446 ubi
1438 2358 1670 2445 solitudine
1699 2383 1745 2444 et
1770 2361 1907 2450 rictus

211 2511 475 2597 abundantis
502 2512 638 2599 securi
664 2543 822 2629 pennas
850 2536 1015 2599 mutant
1033 2536 1089 2602 -et
1128 2512 1304 2629 abjectis
1343 2509 1574 2628 remigibus
1601 2512 1742 2598 volare
1771 2512 1907 2618 nescii

207 2687 338 2764 sunt,
365 2663 539 2779 perticis
566 2664 824 2778 fustibusque
853 2670 1098 2754 caeduntur.
1166 2665 1304 2752 J'acuti
1332 2663 1530 2792 dicuntur
1566 2682 1696 2760 noctu
1722 2665 1769 2750 in
1796 2668 1907 2754 lacu·

207 2819 319 2920 bus,
348 2844 451 2932 quos
480 2815 616 2930 Cygni
646 2817 938 2932 frequentant,
983 2848 1160 2906 accenso
1188 2818 1409 2905 subitaneo
1447 2814 1547 2932 igne
1589 2818 1762 2906 allectos
1798 2819 1909 2920 occi-

208 2971 332 3058 dere.
388 2973 439 3052 In
467 2997 621 3082 genere
645 2969 785 3084 Cygni
815 2969 1038 3087 spontanei
1067 2969 1348 3089 pinguissimi,
1378 2992 1423 3056 et
1448 2968 1633 3084 juniores
1661 2970 1912 3088 praesertim

204 3119 419 3210 delicatas
446 3152 524 3238 pro
552 3121 708 3210 mensis
737 3151 883 3208 carnes
910 3126 1128 3241 praebent.

643 3384 759 3480 Mi
850 3369 1480 3470 CYGNUS.umms

352 3586 403 3676 C.
431 3586 544 3673 collo
571 3585 783 3690 flexuoso,
824 3605 959 3674 rostro
994 3585 1223 3695 coccineo,
1264 3589 1412 3676 baseos
1442 3587 1592 3674 tubere
1625 3583 1811 3703 lorisque
1846 3585 1909 3672 ni-

192 3739 311 3860 gris.

443 3895 613 4012 Cygnus
641 3915 881 4004 mansuetus
907 3895 1165 4000 Auctorum,
1219 3895 1341 3983 Zool.
1388 3893 1482 3982 brit.
1524 3923 1621 4010 pag.
1658 3909 1748 4001 149.
1776 3923 1841 4004 sp.
1870 3924 1909 3978 n.

492 4051 661 4166 me

442 4205 638 4322 Cygnus,
681 4203 837 4294 Friscb.
881 4231 948 4288 ov.
990 4195 1075 4288 tab.
1111 4213 1199 4290 152.
1254 4197 1451 4288 Eduard.
1486 4229 1553 4285 ou.
1590 4197 1646 4282 ll.
1682 4228 1725 4313 p.
1753 4213 1794 4283 et
1821 4193 1907 4282 tob.

500 4367 589 4444 150.
620 4351 770 4470 caput.
1315 4467 1318 4472 Ι

391 4521 396 4530 ’
438 4515 560 4598 Muto
590 4511 737 4612 Swan,
778 4507 902 4596 Parta.
928 4507 1048 4596 Zool.
1085 4525 1189 4594 arat.
1216 4509 1274 4593 ll.
1302 4537 1343 4622 p.
1375 4519 1470 4614 543.
1499 4535 1538 4590 ra
1566 4521 1664 4617 47⁰·
1719 4503 1908 4632 labam·

497 4693 565 4750 ou.
595 4662 665 4746 Vl.
694 4694 735 4778 p.
764 4675 859 4768 436.
887 4693 928 4746 rr.
958 4693 997 4746 a.

387 4857 391 4865 ’
438 4822 553 4904 Anas
581 4813 713 4922 Olor,
743 4817 916 4904 Gmettn.
945 4815 1156 4928 systbin.
1186 4813 1242 4898 ll.
1271 4844 1313 4928 p.
1343 4825 1438 4900 501.
1467 4841 1536 4928 sp.⁸
1561 4841 1600 4894 a.

306 4967 557 5060 'Rossicea
582 4967 787 5078 stridore,
817 4997 946 5085 quem
970 4995 1048 5084 pro
1070 4991 1181 5072 uoce
1209 4963 1301 5052 edit
1325 4967 1517 5080 Schiptln.
