4778 6044
1012 395 1159 440 π
1836 397 1923 481 307

377 599 492 680 Haec
527 589 616 678 avis
652 591 762 680 circa
798 592 1012 680 borealem
1050 591 1292 708 Lapponiae
1320 594 1499 684 tonsione
1529 618 1573 682 et
1601 597 1781 684 Sibiriae
1810 627 1925 683 oram

239 745 448 832 rarissime
475 747 729 832 observatur.
788 751 837 828 In
864 741 1063 830 orientali
1077 745 1248 830 Oceano
1277 749 1526 834 Stellarus
1552 749 1676 834 unica
1707 751 1799 834 vice
1829 783 1924 834 cum

240 901 355 986 Cane
394 905 565 1014 Lagopo
604 919 863 1011 pugnantem
911 895 1048 1010 cepit,
1090 895 1136 981 in
1165 895 1319 984 itinere
1350 929 1449 986 vcro
1475 900 1732 986 Ansericano
1759 900 1924 1015 saepius

238 1051 285 1136 in
313 1051 467 1164 Pelago
496 1050 709 1134 volantem
735 1048 849 1134 inter
876 1029 1148 1134 Procellarias
1178 1050 1301 1136 vidit.

375 1207 487 1288 Not.
528 1199 758 1286 Historiam
798 1198 922 1314 hujus
965 1199 1054 1284 avis
1081 1204 1325 1316 praesertim
1353 1205 1580 1292 illustravit
1607 1213 1784 1292 amiciss.
1810 1209 1924 1291 Pen-

237 1377 358 1442 nant
398 1355 444 1440 in
486 1356 603 1439 Zoni.
649 1354 741 1438 brit.
780 1353 809 1437 l.
841 1383 878 1439 c.
955 1359 1004 1436 In
1033 1351 1150 1439 littus
1181 1355 1391 1469 belgicum
1418 1382 1514 1473 post
1538 1379 1810 1474 tempestates
1839 1388 1924 1442 non

236 1540 329 1595 raro
360 1530 522 1592 mortua
565 1503 733 1618 ejicitur
760 1537 783 1590 a
811 1504 934 1608 mari,
989 1502 1099 1588 mihi
1138 1507 1363 1622 aliquoties
1406 1510 1466 1594 sic
1508 1511 1663 1595 oblata.
1730 1513 1923 1594 Rostrum

236 1659 463 1774 nigrescit;
513 1689 558 1742 os
585 1655 697 1741 intus
727 1679 874 1742 atrum.
932 1659 1060 1742 Pedes
1088 1659 1221 1771 nigri,
1266 1667 1448 1759 anterius
1477 1692 1554 1778 per
1581 1660 1708 1746 tibias
1736 1659 1923 1745 taeniola

233 1811 533 1927 longitudinali
575 1809 916 1923 glauco-viridi,
957 1841 1064 1925 quae
1107 1809 1335 1927 quadrifica
1377 1842 1453 1927 per
1487 1813 1643 1926 digitos
1682 1815 1735 1897 ad
1763 1793 1921 1926 ungues

229 1995 361 2082 usque
405 1963 632 2049 decurrit·
673 1965 890 2048 iuniores?
945 1994 1067 2078 supra
1115 1963 1393 2076 nigricantes‚
1434 1965 1589 2081 plumis
1618 1964 1738 2080 apice
1769 1965 1921 2077 angulo

227 2117 412 2204 intrante
441 2146 515 2202 seu
542 2135 700 2234 puncto
728 2115 896 2232 trigono
925 2117 1043 2220 albo;
1073 2118 1215 2204 subtus
1242 2116 1348 2222 albi,
1379 2117 1517 2204 lituris
1546 2140 1769 2204 retrorsum
1795 2113 1920 2232 sagit·

227 2241 327 2356 tatis
367 2267 506 2358 fuscis.

680 2705 811 2817 LIX.
874 2709 1466 2816 DIOMEDEA.

360 3185 463 3276 Alio
497 3195 583 3304 jam
617 3191 713 3278 loco
746 3189 873 3278 docui
912 3193 971 3301 (³)
1007 3192 1227 3278 AEbotrum
1262 3189 1424 3307 proprii
1444 3187 1629 3306 ‘generis
1659 3219 1748 3276 esse
1779 3219 1913 3294 avem,

230 3369 339 3456 quae
366 3341 477 3426 inter
503 3345 771 3430 Catarracten
800 3368 845 3432 et
885 3342 1182 3430 Procellariam
1223 3344 1365 3428 media
1396 3367 1439 3427 et
1468 3342 1633 3458 utrique
1665 3341 1823 3442 affinis,
1863 3345 1916 3426 ab

229 3496 430 3579 ambobus
460 3495 757 3612 distinguitur:
786 3499 951 3584 naribus
978 3493 1202 3598 tubulosis,
1234 3527 1320 3580 non
1341 3527 1462 3612 supra
1484 3495 1604 3582 basin
1631 3498 1754 3582 rostri
1780 3493 1915 3609 paral·

228 3647 343 3750 lelis,
374 3650 449 3734 sed
478 3679 502 3732 e
531 3652 647 3734 sulco
675 3649 844 3736 laterali
871 3651 1043 3764 oblique
1070 3649 1398 3761 emergentibus,
1424 3648 1738 3764 truncatisquer
1768 3654 1914 3759 lingua

228 3800 408 3914 exigu13
457 3802 627 3919 pedibus
651 3801 890 3914 tridactylis
919 3831 1030 3916 pone
1060 3799 1356 3912 aequilibrium
1385 3800 1547 3915 positis.
1607 3798 1766 3900 Docui,
1797 3797 1914 3880 nullo

228 3950 381 4040 horum
421 3950 729 4058 characterum,
770 3983 907 4068 neque
949 3951 1038 4036 ullo
1072 3971 1287 4034 momento
1315 3951 1542 4036 convenire
1574 3951 1643 4034 illi
1671 3981 1767 4034 curn
1793 3951 1917 4061 Sphe-
1969 3991 1972 3996 ·

228 4115 340 4194 nisco
366 4111 653 4212 Brissonii,
697 4137 825 4221 quem
852 4111 1107 4190 Linnaeus
1140 4102 1282 4186 eidem
1310 4101 1589 4202 consociavit,
1634 4099 1790 4214 quique
1819 4126 1917 4181 cum

230 4259 403 4374 reliquis
430 4259 722 4376 brachypteris
750 4260 949 4344 Aloarum
980 4255 1123 4372 generi
1151 4253 1291 4371 potius
1321 4255 1545 4341 convenire
1575 4253 1755 4339 videtur.
1820 4255 1915 4332 Pro·

229 4435 375 4528 pterea
400 4443 537 4527 neque
566 4409 611 4498 in
640 4443 714 4517 eo,
767 4412 919 4498 necin
950 4409 1238 4496 describendis
1276 4407 1445 4494 Albatri
1486 4407 1757 4492 varietatibus
1794 4404 1916 4491 Cam·

229 4563 468 4666 tschaticis,
495 4567 673 4682 quarum
697 4568 827 4652 farcta
855 4563 1088 4682 specimina
1117 4561 1283 4678 accepi,
1316 4563 1441 4654 fusior
1469 4559 1543 4648 hic
1572 4589 1661 4652 esse
1689 4558 1801 4646 volo.

228 4767 495 4786 m—

280 4869 336 4960 (*)
360 4869 561 4964 Specilegior.
587 4869 678 4947 Zoni.
706 4871 822 4948 Fascis.
854 4867 894 4945 V.
919 4885 999 4968 pag.
1032 4883 1086 4950 28.
1115 4891 1195 4962 seqq.
