4734 6070
998 493 1147 552 ΕΞ
1634 431 1643 444 .
1831 505 1920 594 107

218 747 445 836 tendentes
471 736 644 849 duvios,
674 767 890 860 quousque
919 741 1078 860 sylvae,
1108 745 1371 832 descendunt
1395 765 1443 832 et
1468 743 1737 857 nidulantur,
1765 753 1918 840 desunt

219 900 266 989 in
295 895 421 986 nudis
446 925 545 984 orae
574 895 771 984 arcticae.
828 897 1076 1010 Hybernant
1095 893 1141 980 in
1159 898 1403 1013 temperatis
1432 900 1744 992 australioribus
1772 903 1919 1004 Asines

220 1055 346 1144 nidos
383 1049 432 1136 in
464 1046 691 1166 paludibus
730 1046 972 1137 borealibus
1013 1049 1264 1165 praesertim
1304 1053 1512 1157 condunt,
1553 1057 1667 1140 unde
1697 1058 1751 1143 ad
1780 1055 1919 1174 prima

220 1199 378 1325 frigora
410 1230 490 1322 per
523 1199 826 1320 temperatiora
859 1199 1041 1316 migrant
1083 1201 1316 1319 gregatim,
1359 1226 1500 1289 certae
1528 1202 1722 1296 instantis
1750 1206 1920 1325 hyemis

220 1359 417 1448 nuntiae.
485 1360 630 1446 Plures
657 1379 800 1442 tamen
827 1353 874 1439 in
905 1352 1150 1472 temperatis
1178 1352 1310 1442 etiam
1336 1355 1566 1443 subsistunt
1594 1382 1639 1444 et
1666 1363 1921 1478 prolificant.

221 1511 298 1603 ubi
334 1533 452 1600 rasta
493 1511 679 1617 deserta,
733 1535 896 1626 perque
937 1537 1109 1596 omnem
1148 1504 1366 1594 Tatariam
1408 1539 1603 1624 magnam
1637 1536 1728 1602 tota
1763 1537 1922 1601 aestate

222 1665 380 1789 passim
407 1661 653 1781 sporadicae
680 1685 918 1750 occurrunt.
991 1667 1033 1748 A
1076 1659 1221 1748 Rossis
1250 1686 1295 1750 et
1321 1662 1516 1750 barbaris·
1537 1671 1837 1771 comeduntur,
1878 1689 1924 1754 et

224 1843 322 1910 sunt
355 1817 540 1936 juniores
573 1813 826 1903 lautioribus
863 1811 1020 1902 mensis
1055 1809 1176 1902 haud
1203 1813 1421 1934 indignae.
1482 1816 1722 1908 Calmuccis
1750 1849 1853 1908 vero
1880 1839 1925 1906 et

224 1971 442 2091 Mongolis
470 1975 629 2058 Gmem
653 1965 862 2056 occidisse
889 1967 1042 2084 relligo
1070 1988 1122 2053 et.
1141 1997 1340 2084 magnum
1367 1969 1498 2056 nefas.
1554 1975 1647 2057 Imo
1673 1972 1928 2060 occissorem

225 2123 450 2217 occoecari
478 2143 678 2210 asserunt.
750 2091 939 2210 Credunt
967 2091 1110 2211 autem
1152 2123 1310 2208 Gruem
1337 2117 1490 2209 nidum
1517 2124 1830 2214 custodientem
1855 2155 1932 2214 ex·

202 2245 371 2401 'pansis
398 2277 498 2380 alie,
543 2297 808 2390 extensoque
840 2272 955 2360 collo
983 2303 1145 2360 sursum
1180 2273 1377 2360 deorsum
1408 2297 1551 2381 moto,
1601 2278 1722 2392 quasi
1747 2278 1929 2365 salutare

230 2431 639 2554 appropinquantem
675 2423 918 2532 hominem,
970 2442 1015 2512 et
1054 2425 1243 2512 adorare.
1313 2427 1410 2515 Vox
1450 2426 1620 2550 clanga,
1679 2429 1932 2548 praesertim

231 2582 512 2675 subvolaturis
540 2605 584 2670 et
612 2602 709 2666 ante
736 2599 1023 2698 tempestates.
1080 2577 1226 2666 Solem
1254 2579 1467 2668 orientem
1493 2603 1704 2670 concentu
1730 2584 1930 2672 salutant.

232 2739 467 2858 Migrantes
493 2735 664 2824 silentio
691 2733 858 2838 volant,
901 2730 1129 2834 instructo,
1167 2753 1215 2819 ut
1239 2756 1388 2820 notum
1416 2757 1480 2822 est
1489 2797 1506 2838 ,
1539 2766 1695 2844 cuneo,
1726 2733 1932 2826 altissime

232 2893 449 2985 interdum
485 2889 533 2976 in
568 2884 906 3005 atmosphaeram
947 2886 1159 2990 elevatae,
1203 2887 1452 3003 praesertim
1478 2919 1608 3006 quum
1634 2921 1713 3016 per
1739 2887 1935 2978 habitata

232 3047 331 3137 loca
356 3047 551 3134 tendunt.
606 3044 717 3129 Peru
743 3039 910 3155 singulo
937 3037 1041 3126 nido
1069 3067 1155 3124 non
1184 3037 1296 3125 ultra
1324 3042 1434 3144 duo;
1473 3065 1698 3162 antequam
1726 3043 1818 3132 alae
1847 3072 1936 3130 cre·

237 3224 381 3306 scant,
429 3197 587 3298 latent,
628 3223 836 3310 cursuque
863 3188 1159 3310 pemicissimo
1185 3191 1367 3308 fugiunt.
1440 3197 1482 3281 V
1479 3204 1593 3283 inunt
1619 3194 1809 3302 lacertis,
1851 3221 1937 3282 ser·

235 3351 455 3472 pentibus,
485 3347 719 3454 vermibus,
749 3343 937 3434 muribus
966 3343 1122 3446 etiam;
1151 3343 1254 3431 dein
1283 3343 1436 3464 granis,
1449 3311 1634 3435 'baccis‘
1676 3355 1937 3438 Venatorem

235 3505 336 3624 post
362 3535 519 3623 equum
542 3503 771 3608 latentem,
811 3501 883 3590 rel
911 3495 1139 3598 curricrda,
1173 3473 1347 3617 propius
1377 3498 1625 3608 admittunt,
1657 3501 1760 3589 alias
1786 3499 1939 3590 cautis·

238 3661 387 3747 simae.
458 3657 703 3762 Cicuratae,
756 3653 805 3741 ni
841 3655 932 3740 alae
964 3647 1165 3737 maturius
1205 3651 1503 3768 praecidantur
1530 3655 1602 3743 vel
1641 3655 1936 3760 debilitentur,

240 3809 508 3930 migrationis
548 3833 743 3928 tempore
784 3801 1147 3924 adpropinquante
1188 3801 1405 3923 inquietae
1447 3809 1574 3915 fiunt,
1617 3805 1942 3913 volaturientea,

240 3989 290 4056 et
315 3968 489 4056 tandem
516 3965 608 4053 viso
634 3959 882 4082 praesertim
910 3955 1078 4076 agmine
1105 3955 1399 4074 migrantium,
1429 3959 1661 4076 aufugiunt.

386 4122 430 4206 N
437 4139 503 4208 ot.
530 4121 696 4207 Pondus
730 4151 788 4203 ra.
819 4115 873 4201 ad
907 4125 954 4202 15
982 4111 1201 4238 librarum.
1258 4115 1450 4226 demiges
1477 4125 1545 4219 34.
1573 4110 1662 4200 imo
1689 4112 1943 4230 quibusdam

240 4287 315 4367 36.
370 4275 500 4361 [rides
527 4271 683 4359 rutilo·
698 4271 985 4356 flavescentes.
1041 4270 1092 4350 In
1119 4261 1220 4350 vivo
1248 4262 1357 4352 cutis
1383 4267 1528 4371 rubra,
1565 4266 1795 4384 papilione,
1823 4265 1945 4352 calva

243 4425 447 4545 occipitia
474 4423 630 4512 leviter
656 4447 889 4511 antrorsum
917 4387 1173 4533 corrugatur.
1230 4417 1423 4505 Juniones
1450 4407 1668 4522 cinereae,
1695 4417 1836 4537 capite
1862 4415 1949 4502 col·

241 4581 379 4702 loque
394 4573 844 4702 griseo-flavescente.
893 4569 1097 4660 Persectis
1110 4570 1234 4686 jubae
1249 4572 1486 4690 scapulares
1502 4571 1694 4685 falcatae,
1720 4593 1947 4661 surrectae.

823 4787 1371 4840 m
