4778 6044
1022 485 1173 540 Ε
1848 481 1943 576 ³7¹

354 690 499 782 Roneis
529 691 583 776 ad
611 691 831 778 Oceanum
856 683 1111 778 orientalem
1137 677 1310 772 nomine
1325 679 1519 798 Cutilico
1542 681 1703 773 dicitur
1727 685 1964 776 Korokorn-
2011 713 2013 724 ¹

410 847 482 930 vel
513 845 734 930 Turuturo.
1865 935 1870 960 Ι

384 1002 601 1112 Frequens
640 991 688 1080 in
728 989 878 1080 insulis
912 988 1076 1080 Cutilia
1116 987 1418 1092 ulterioribus,
1465 985 1689 1106 Inponiam
1727 1019 1860 1106 utque
1901 1002 1947 1080 er
2111 975 2113 980 ’

244 1147 470 1239 Aleuticis.

385 1303 430 1386 N
436 1321 500 1387 ot.
529 1296 822 1416 Descriptioni
848 1297 895 1385 in
907 1300 1142 1417 Spiellegiir
1167 1296 1200 1383 l.
1229 1325 1269 1382 c.
1296 1291 1491 1400 traditae,
1522 1292 1640 1380 varia
1666 1293 1808 1383 babeo
1833 1323 1944 1412 quae

246 1453 414 1542 addam.
469 1455 600 1539 Irider
628 1453 773 1554 albae;
814 1449 992 1540 interino
1018 1449 1177 1537 halone
1205 1446 1538 1562 coerulescente,
1568 1445 1755 1534 exterius
1783 1449 1945 1536 circulo

243 1606 368 1722 nigro
394 1603 660 1692 terminatae.
716 1606 943 1723 Palpebrae
971 1627 1142 1722 quoque
1173 1603 1300 1688 albo·
1315 1596 1589 1714 marginatne.
1655 1603 1846 1716 remiges
1876 1615 1942 1690 aa.

241 1769 430 1848 rectrices
464 1775 523 1864 14.
580 1761 776 1846 Rostrum
800 1757 847 1844 in
875 1753 1111 1873 junioribus
1135 1755 1508 1841 testaceo-rufum.
1570 1753 1716 1842 Tibiae
1737 1775 1790 1868 'et
1815 1755 1943 1868 digiti

242 1910 556 2017 coerulescunt,
586 1913 855 1998 membranae
881 1911 1037 1998 fuscae.
1103 1913 1327 2027 Expansae
1357 1905 1449 1994 alae
1476 1907 1678 2024 pedalem
1704 1935 1945 1996 mensuram

241 2064 373 2184 paulo
402 2065 630 2153 excedunt.

390 2413 393 2418 ,
497 2331 618 2438 422.
692 2311 896 2406 URIA
967 2311 1151 2408 dubio.
1225 2307 1686 2407 TAB.'LXXXVII.

354 2526 435 2622 ‚U.
464 2546 602 2612 rostro
628 2523 748 2614 lusco
773 2519 1007 2640 simplici,.
1031 2519 1159 2610 crista
1189 2517 1341 2608 frontis
1364 2546 1584 2639 permanea
1610 2547 1809 2610 recurva.

384 2673 628 2792 specimina
655 2699 700 2762 et
727 2675 898 2764 iconem
926 2704 983 2760 ex
1009 2673 1166 2762 itinere
1206 2672 1405 2760 orientali
1440 2669 1590 2760 retulit
1624 2675 1678 2760 D.
1705 2677 1764 2763 D.
1791 2674 1946 2779 Merlo

243 2830 356 2914 Sexu
383 2828 455 2912 rel
483 2849 621 2914 aetate
648 2850 814 2914 tantum
842 2859 867 2914 a
894 2826 1170 2946 praecedenti
1196 2827 1368 2914 videtur
1394 2825 1580 2932 differre,
1612 2826 1718 2916 licet
1745 2830 1943 2918 delicien-

244 3003 310 3066 tes
338 2983 392 3067 ad
420 2979 506 3066 oria
533 2980 708 3098 angulos
735 2978 837 3066 calli
865 2977 1035 3086 cornei,
1074 3001 1119 3067 et
1146 3002 1326 3067 rostrum
1354 2977 1494 3066 minus
1520 2979 1714 3069 hiulcum
1741 2979 1943 3072 differen.

245 3129 354 3218 tiam
389 3129 602 3248 insignem
629 3133 924 3242 constituant.-
975 3134 1087 3221 Cum
1126 3131 1403 3250 praecedenti
1440 3129 1487 3218 in
1514 3131 1622 3218 mari
1649 3158 1771 3220 extra
1796 3141 1941 3227 Awat·

242 3283 390 3370 rebam
417 3311 588 3402 portum
616 3290 874 3393 observatur,
903 3283 978 3375 ubi
1006 3309 1052 3374 et
1082 3319 1107 3375 a
1138 3288 1292 3374 Tilcsio
1320 3287 1375 3371 ad
1403 3287 1548 3370 vivum
1576 3285 1774 3405 depictae
1801 3315 1913 3380 sunt.

380 3439 497 3548 Not.
535 3443 667 3528 Iridea
692 3437 915 3528 candidae.
970 3443 1165 3530 Rostrum
1192 3437 1427 3555 sanguineo
1449 3437 1626 3526 fuscum.
1690 3443 1821 3532 Pelles
1847 3475 1944 3535 coe·
2011 3445 2017 3468 ⁹

242 3587 517 3676 fatescentes.
559 3590 785 3678 Caeterum
801 3595 857 3675 Α.
871 3601 1119 3682 curtatum
1145 3591 1439 3710 magnitudine
1459 3611 1506 3679 et
1531 3591 1675 3682 colore
1704 3595 1941 3690 simillima.

405 3849 526 3964 423.
601 3839 804 3936 uult
878 3841 1201 3935 Tetroculo.
1276 3839 1410 3934 TAB.
1473 3841 1780 3940 LXXXVIII.

381 4055 437 4137 U.
465 4071 601 4138 rostro
626 4051 747 4141 fureo
763 4101 778 4118 ·
793 4053 920 4142 rubro
955 4047 1163 4170 simplici,
1202 4042 1361 4166 plumis
1394 4047 1648 4137 frontalibus
1674 4052 1751 4142 rix
1777 4059 1939 4176 pmmi.

238 4199 372 4292 nulir.
1692 4231 1697 4244 ·

464 4358 574 4446 Alea
600 4363 849 4470 Tetracula,
876 4361 984 4451 Pau.
1010 4361 1151 4478 Spioil.
1181 4359 1233 4446 V.
1259 4387 1304 4474 p.
1338 4377 1405 4465 24.
1433 4359 1520 4448 tob.
1547 4381 1589 4470 4.
1618 4381 1661 4452 et
1688 4375 1730 4452 5.
1745 4371 1834 4488 fig.
1871 4407 1934 4464 ιο.

527 4548 587 4598 rt.
625 4549 686 4600 ta.
729 4517 904 4604 Gmelin.
930 4533 1038 4630 syri·
1068 4533 1154 4603 not.
1193 4513 1286 4598 litt.
1311 4515 1412 4600 XII.
1441 4545 1484 4630 p.
1512 4529 1609 4604 552.
1635 4549 1698 4636 sp.
1727 4533 1767 4608 8.

462 4666 614 4782 Durky
639 4669 762 4776 Auk,
815 4668 940 4756 Penn.
967 4673 1086 4756 Zool.
1114 4687 1216 4755 oret.
1243 4669 1303 4752 II.
1327 4701 1371 4787 p.
1398 4681 1495 4757 515.
1522 4699 1565 4756 u.
1591 4685 1690 4778 435.
1739 4675 1938 4772 mlum.

517 4851 585 4906 ou.
614 4821 665 4907 V.
694 4855 736 4938 p.
765 4835 860 4928 324.
888 4821 976 4910 lob.
1004 4837 1073 4934 95.
1091 4825 1179 4939 fig·
1208 4833 1247 4910 3.

358 4969 530 5058 Nomen
556 4971 917 5090 praecedentium.
