4770 6042
490 489 602 580 66,
1227 449 1442 567 ἐξ·

489 716 615 808 vicet
667 713 805 804 Nidos
844 715 982 803 nullos
1023 708 1247 814 condiunt,
1301 709 1379 797 sed
1405 703 1529 796 humi
1552 705 1600 796 in
1628 729 1818 798 muscoso
1847 712 1938 800 solo
1966 709 2179 803 loreolam

489 892 717 975 excavant,
757 899 835 987 pro
862 870 1077 957 incubatu.
1163 864 1257 950 Ova
1284 863 1459 978 singulis
1487 899 1527 972 9.
1555 864 1764 980 atpium,
1801 864 2028 972 ochracea,
2058 870 2178 956 lusco

486 1045 757 1138 testaceoque
785 1044 1007 1140 punctata,
1062 1017 1352 1136 sapidissima,
1392 1013 1649 1104 columbinis
1676 1015 1806 1133 paria.
1875 1019 1986 1107 Pulli
2012 1019 2178 1110 exclusi

487 1173 629 1261 statim
658 1196 827 1261 currunt
855 1199 900 1260 et
925 1197 1154 1291 sequuntur
1181 1195 1379 1276 matrem,
1408 1166 1588 1287 pulchre
1616 1169 1733 1256 lulvo
1761 1169 1980 1286 variegati.
2037 1171 2177 1290 Stupi-

485 1329 541 1413 da
569 1351 780 1413 caeterum
809 1351 873 1415 est
900 1325 1011 1432 avis,
1040 1329 1289 1445 plerumque
1321 1321 1533 1440 gregaria,
1560 1321 1644 1408 nisi
1672 1320 1802 1410 uestri
1829 1345 2036 1441 tempore.
2063 1333 2176 1442 Hya·

478 1507 549 1567 me
591 1479 800 1568 cuniculis
838 1483 917 1566 sub
965 1479 1066 1566 nive
1107 1479 1325 1566 incedunt.
1394 1476 1572 1564 Volatur
1610 1473 1712 1565 satis
1751 1476 1886 1582 celer,
1952 1501 2173 1594 streperas.

481 1633 523 1722 V
521 1665 579 1720 ox
603 1630 765 1718 imitari
791 1603 932 1749 potest
959 1633 1109 1719 tubulo
1136 1632 1246 1748 ligni
1273 1628 1509 1716 sambucini
1536 1652 1763 1734 excavato,
1793 1629 1864 1716 cui
1891 1630 2174 1748 superligatus

476 1813 802 1901 pergamenum,
829 1787 944 1902 quod
973 1786 1115 1871 medio
1142 1779 1350 1898 trajicitur
1376 1782 1467 1900 pilo
1496 1781 1674 1897 equino,
1702 1811 1863 1868 sursum
1885 1785 2080 1870 deorsum
2091 1807 2173 1870 tra·

478 1931 639 2022 hendo.
695 1939 865 2026 Plumae
891 1940 1098 2052 hybernae
1126 1939 1180 2022 ad
1208 1935 1344 2054 prima
1372 1933 1559 2022 autumni
1587 1933 1741 2048 frigora
1767 1959 2056 2037 succrescunt,
2096 1941 2171 2024 Pe·

408 2069 421 2102 ⁸
477 2089 640 2205 tropoli
668 2089 793 2178 initio
822 2091 892 2176 vel
919 2093 1062 2178 medio
1090 2090 1313 2194 Octobris,
1343 2085 1390 2172 in
1417 2086 1572 2174 Sibiria
1600 2086 1799 2174 orientali
1813 2119 1938 2205 saepe
1953 2094 2039 2202 jam
2068 2091 2169 2206 Sep-

476 2241 647 2330 tembri.
716 2243 839 2328 Rossi
866 2245 1128 2359 praesagium
1168 2239 1407 2328 maturioris
1433 2239 1504 2324 vel
1532 2238 1700 2326 serioris
1728 2237 1897 2356 hyemis
1922 2269 1948 2326 e
1975 2265 2167 2360 tempore

470 2416 640 2510 petunt,
671 2425 756 2510 quo
788 2399 1055 2511 Lagopodes,
1086 2400 1354 2512 Leporesque
1384 2393 1618 2480 albescunt.
1675 2395 1809 2478 Pedes
1835 2416 1881 2479 et
1907 2415 2055 2480 venter
2082 2403 2169 2507 jam

472 2567 630 2632 aestate
673 2548 841 2650 alberita
899 2547 1002 2635 hinc
1041 2579 1118 2666 per
1154 2570 1303 2666 pectus
1331 2545 1483 2663 sparsis
1523 2545 1678 2662 plumis
1706 2545 1860 2632 albedo
1889 2547 2168 2654 diffunditurg

472 2697 663 2800 Ultimo,
714 2705 792 2786 sub
818 2700 1043 2819 variegatis
1071 2699 1263 2805 aestivis,
1313 2719 1561 2786 excrescunt
1588 2699 1755 2784 mediae
1782 2699 1940 2786 caudae
1969 2701 2167 2790 rectrices

472 2847 613 2952 albae,
642 2881 743 2966 quas
772 2859 952 2960 Natura,
985 2855 1104 2971 quasi
1133 2856 1186 2941 ad
1213 2853 1439 2967 tegendam
1468 2851 1706 2938 lateralium
1734 2849 2026 2967 nigredinem,
2066 2886 2168 2946 cum

469 2997 588 3116 largo
614 3005 839 3094 tectricum
867 3031 1068 3126 apparatu
1095 3005 1241 3094 educit
1266 3003 1440 3108 sensim,
1472 3035 1558 3092 non
1586 3025 1683 3090 ante
1705 3027 1949 3120 aequaturas
1970 3013 2165 3118 caudam,

469 3181 598 3268 quam
637 3182 863 3276 postquam
902 3183 993 3248 tota
1033 3161 1121 3249 avis
1160 3158 1341 3246 candida
1368 3158 1478 3246 facta
1506 3169 1594 3246 est!
1628 3210 1677 3228 -
1733 3157 1915 3265 Martio,
1957 3159 2087 3248 etiam
2113 3161 2164 3250 in

471 3305 789 3416 Camtschatca,
830 3309 1067 3429 hybemam
1094 3314 1254 3400 larvam
1282 3340 1439 3396 exuere
1464 3309 1695 3430 incipiunt,
1738 3337 1968 3428 omnesque
1995 3316 2162 3432 plumas

468 3461 585 3546 albas
621 3471 890 3582 proJecemnt
928 3465 1093 3584 Aprili,
1112 3527 1116 3536 -
1134 3466 1316 3584 paulove
1354 3465 1513 3550 tardius
1539 3465 1587 3552 in
1614 3465 1747 3582 magis
1774 3466 2071 3576 orientalibus,
2112 3491 2162 3558 et

464 3609 515 3698 in
542 3613 838 3704 Carntschatca
867 3622 943 3705 sub
972 3622 1100 3706 linem
1129 3617 1249 3732 Maji.
1707 3731 1714 3746 ι
2020 3711 2024 3726 ,

603 3771 776 3858 Descr.
803 3774 998 3858 Aestiaae
1027 3770 1170 3882 (lunio
1199 3767 1444 3888 descripta:
1473 3775 1632 3888 Caput,
1660 3777 1835 3876 collum,
1863 3796 2003 3893 pectus
2030 3799 2074 3864 et
2093 3781 2159 3864 ta·

463 3941 554 4010 tera
581 3925 657 4010 sub
686 3923 764 4010 alis
792 3923 896 4010 fulvi
926 3923 1100 4032 coloris,
1143 3925 1302 4012 collum
1329 3924 1555 4028 intensius,
1595 3949 1743 4012 vertex
1769 3949 1816 4014 et
1840 3928 1988 4016 cervix
2015 3929 2159 4046 longi·

461 4075 734 4179 tudinaliter,
771 4077 985 4195 lateraque
1013 4099 1246 4164 transverse
1275 4077 1397 4193 nigro
1423 4079 1639 4195 variegata
1655 4133 1668 4148 ·
1682 4079 1843 4168 striata.
1897 4083 2078 4171 Dorsum
2105 4107 2157 4172 et

460 4227 620 4314 alamm
650 4227 788 4336 bases,
830 4241 1006 4346 remiges
1032 4229 1209 4317 intimae
1237 4254 1283 4316 et
1309 4241 1511 4338 rectrices,
1561 4233 1749 4349 itemque
1777 4243 1964 4324 rectrices
1991 4239 2154 4328 caudae

458 4393 485 4470 3
513 4381 582 4466 vel
610 4399 637 4488 4
663 4383 854 4487 medias,
910 4383 1361 4498 grymo-fulvescente'
1388 4385 1591 4500 nigroque
1619 4387 1889 4474 transversim
1928 4389 2150 4480 undulata.

452 4533 672 4622 Abdomen
712 4532 801 4622 imo
841 4535 982 4621 album
990 4595 1005 4635 ,
1057 4537 1216 4654 plumis
1254 4537 1584 4625 lulvescentibus
1611 4539 1788 4630 varium.
1856 4547 2048 4660 demiges
2077 4577 2150 4636 ao·

455 4684 598 4792 albae,
628 4718 724 4774 curn
757 4687 1022 4782 tectricibua.
1058 4687 1283 4806 primariae
1310 4689 1357 4776 in
1384 4693 1549 4797 medio,
1603 4699 1833 4784 secundum
1872 4695 2053 4784 thachin
2080 4697 2151 4787 ni·

452 4865 591 4953 gram,
632 4839 885 4926 ddutiasime
911 4843 1178 4928 rulesrentea.
1234 4842 1362 4932 Pedes
1389 4843 1642 4944 albicantes.
1671 4847 1791 4936 tibiis
1818 4849 2004 4967 postica,
2034 4849 2149 4966 digi-

448 5011 589 5110 tisque
616 5023 742 5114 saepe
771 5025 898 5112 poeste
925 4997 1061 5086 nudis.
1125 4995 1270 5088 Etiam
1295 5019 1421 5122 caput
1448 4997 1586 5090 minus
1610 4999 1851 5122 plumosum
1877 5003 1925 5092 in
1951 5001 2145 5092 aestivis·
