4770 6042
402 736 515 831 ιρι,
569 701 931 802 pasena
978 720 1218 813 arctoas.
1274 672 1403 807 rra.
1457 713 1559 812 xa.
1598 727 1642 812 a
1675 709 1799 817 rur.
1976 697 1981 708 '

393 987 439 1070 P.
469 1007 601 1071 rostro
629 1013 774 1090 cereo,
804 1010 978 1098 corpore
1005 1006 1328 1102 purpurascente
1341 1039 1355 1054 ·
1370 989 1511 1099 fusco,
1537 991 1785 1111 remigibus
1794 999 1945 1086 rastri·-

254 1131 458 1253 uibusque
486 1161 606 1222 extus
636 1137 967 1222 canescentibus.
1040 1181 1041 1184 κ
1139 1165 1141 1170 ’

472 1297 542 1376 Fr
532 1287 676 1404 ngrlla
705 1287 944 1374 flavrrostns
955 1349 970 1389 ,
997 1291 1087 1375 Lin.
1115 1311 1220 1403 syst.
1248 1293 1344 1379 XII.
1373 1297 1408 1379 1.
1437 1329 1478 1412 p.
1508 1309 1600 1385 322
1589 1327 1684 1415 ..sp
1712 1329 1777 1413 27·
1806 1303 1940 1393 Feun.

531 1474 595 1528 su.
623 1446 678 1525 ll.
708 1455 801 1549 239.
826 1445 935 1529 Poll.
963 1449 1053 1526 itta.
1082 1445 1138 1528 Π.
1166 1475 1206 1560 p.
1241 1480 1335 1556 7¹⁰·
1369 1479 1408 1531 n.
1441 1481 1506 1532 21.

377 1653 380 1660 «
471 1571 677 1708 Fringilla
695 1594 829 1698 fusca,
859 1597 1040 1680 Brisson.
1055 1600 1230 1682 ornJlI.
1246 1629 1283 1710 p.
1306 1612 1395 1703 154.
1418 1601 1584 1710 Buffon.
1598 1631 1683 1686 om.
1698 1605 1767 1691 W.
1785 1640 1824 1723 p.
1845 1641 1946 1698 ω.

468 1744 623 1832 Arctik
650 1741 813 1849 Finch,
848 1750 1032 1846 lotham.
1062 1777 1156 1858 syn.
1183 1751 1256 1833 IV.
1286 1783 1329 1865 p.
1358 1763 1516 1836 aona.
1553 1785 1615 1837 ra.
1711 1813 1713 1821 .
1775 1779 1780 1793 ·

272 1983 274 1988 ,
359 1899 503 1986 Rossis
519 1902 572 1984 ad
584 1897 1006 2016 Jeniseam'Xnaesje·
1023 1895 1376 1990 Tschetschotkoi.
1393 1931 1430 1988 e.
1446 1901 1644 2020 Princeps
1658 1905 1946 1998 Linariarum.

388 2056 459 2138 Ad
486 2049 697 2138 Jenisearn
727 2071 770 2136 et
797 2048 844 2134 in
872 2047 1069 2135 orientali
1108 2049 1263 2137 Sibiria
1289 2049 1446 2170 hyeme
1475 2055 1645 2142 demum
1683 2025 1951 2174 rigidissimo

250 2201 301 2289 in
331 2203 591 2290 australiores
619 2201 811 2315 regiones
840 2205 1064 2301 adventat,
1093 2233 1305 2320 pagosque
1334 2208 1596 2321 frequentat,
1625 2213 1844 2330 perperis
1871 2214 1948 2304 ina

251 2377 324 2440 ter
352 2355 612 2441 linarianrm
641 2383 786 2468 greges
800 2352 971 2439 uolans.
1029 2358 1114 2442 Sub
1141 2361 1268 2444 finem
1296 2358 1514 2444 Februarii
1541 2382 1586 2443 et
1612 2360 1739 2451 initio
1769 2364 1900 2452 Marii
1909 2415 1945 2468 ,ι

247 2529 347 2592 aute
377 2511 544 2593 Ember.
571 2507 761 2592 nivalem·
786 2523 831 2590 et
856 2508 1068 2594 Alaudam
1106 2509 1359 2624 alpestrern,
1387 2611 1393 2624 ·
1417 2511 1471 2592 ad
1507 2532 1665 2595 arcton·
1688 2501 1948 2628 congregate(

247 2660 360 2764 abit,
415 2660 666 2775 videturque
701 2656 898 2746 omnium⁴
928 2659 1071 2750 avium
1094 2657 1473 2776 'impatientissima
1502 2660 1666 2748 caloris.
1706 2667 1792 2748 'In
1817 2667 1940 2752 crasa
2025 2733 2030 2746 .

246 2811 459 2923 nojarensi
486 2812 658 2926 regione
686 2810 968 2928 frequentior,
1009 2843 1093 2926 quo
1109 2793 1305 2901 severior
1330 2811 1495 2930 hyems·
1543 2811 1814 2904 'Stellarus
1842 2848 1940 2904 ean-

250 2963 350 3047 dem
378 2966 611 3052 Decembri
640 2993 782 3050 mense
811 2963 857 3048 in
885 2965 1025 3048 Insula
1052 2965 1240 3078 Beringii
1267 2967 1490 3078 naufragus
1515 2969 1769 3066 observavit.
1827 2972 1969 3057 stul-²1

247 3135 294 3199 te
322 3137 384 3200 est
410 3139 455 3202 et
484 3139 611 3233 captu
639 3114 844 3202 facillima
873 3114 989 3219 avis,
1042 3114 1238 3200 stolidior
1265 3119 1485 3202 Emberiza
1513 3116 1670 3218 nivalia
1725 3121 1947 3235 exagitata

249 3291 376 3384 caput
399 3267 513 3354 inter
541 3267 722 3384 virgulta
749 3267 819 3353 vel
848 3263 1046 3352 stramine
1071 3264 1218 3351 condit
1246 3287 1288 3352 et
1316 3268 1376 3353 sic
1405 3289 1541 3360 totam
1568 3297 1612 3352 se
1628 3269 1798 3376 credit,
1815 3273 1941 3356 adeo

249 3441 333 3536 qne
362 3422 552 3520 manibus
581 3417 677 3538 capi
705 3442 856 3538 potest.
925 3425 1004 3504 Per
1038 3416 1179 3535 plures
1212 3440 1355 3505 tamen
1390 3417 1530 3506 dies
1517 3449 1564 3506 ru
1599 3449 1727 3507 cavea
1763 3424 1937 3508 detenta

253 3573 565 3690 necquidquam
595 3573 835 3675 cicuratur;
874 3574 947 3658 sed
974 3571 1107 3658 solam
1134 3601 1179 3655 se
1207 3571 1357 3658 videns
1384 3569 1613 3690 plurimum
1644 3576 1943 3676 comedit,

248 3723 356 3809 tiam
382 3748 506 3811 nocte
536 3724 728 3842 adposito
757 3725 942 3830 lumine3
971 3711 1084 3811 unde
1112 3724 1238 3810 facile
1272 3725 1524 3841 pinguescit.
1580 3726 1789 3812 Triticum
1816 3745 1938 3842 pree·

249 3875 396 3963 sertim
425 3880 601 3996 appetit.
671 3881 924 3966 Stellarus
961 3874 1321 3964 umbelliferarurn
1347 3875 1506 3962 semina
1533 3876 1581 3962 in
1608 3875 1845 3963 ventriculo
1873 3876 1937 3962 in·
1982 3911 1990 3936 ·
2076 3871 2081 3880 '

251 4027 382 4116 venit.
439 4037 547 4146 Quo
562 4028 757 4148 pabulo'
745 4061 791 4116 1n
820 4027 986 4114 arcticis
1012 4028 1133 4118 terris
1161 4051 1325 4132 utatur,
1358 4027 1522 4144 ignoro.
1580 4031 1675 4118 Voss
1702 4060 1817 4134 rara,
1850 4057 1942 4142 gra

250 4179 345 4278 vis,
396 4183 485 4269 scre
526 4182 701 4272 Loxiae.
768 4185 895 4271 Color
936 4180 1148 4298 sanguinis
1185 4180 1479 4304 exploratus
1466 4209 1514 4268 m
1551 4181 1661 4269 vivis
1699 4183 1781 4270 luit
1809 4183 1936 4270 cxlv:

253 4331 433 4420 Ferenh.

394 4489 523 4573 ΤΑΒ.
554 4488 753 4589 XXXIX,
795 4487 969 4573 Dcscr.
1007 4486 1253 4602 Magnitudo
1286 4487 1456 4574 Enber.
1492 4485 1750 4584 miliaria,
1737 4511 1826 4570 rme
1853 4499 1977 4568 mas·
2016 4535 2019 4542 ·

250 4639 332 4753 jor.
397 4641 588 4727 Rostrum
614 4639 871 4758 Passerinum
899 4667 1108 4754 magnum,
1149 4643 1428 4757 praecedente
1455 4665 1600 4728 tamen
1627 4632 1825 4738 brevius,
1868 4665 1936 4724 ce·

251 4813 400 4892 reum3
446 4791 566 4909 apice
604 4793 1051 4908 fusco-nigrescente;
1091 4801 1236 4908 lingua
1263 4821 1431 4910 qnoque
1460 4797 1711 4890 flavescens3
1753 4791 1939 4878 Maxilla

251 4941 446 5058 superior
484 4945 727 5036 inferiorem
754 4944 854 5034 sinu
876 4947 1023 5034 baseos
1049 4947 1258 5064 recipiens
1285 4947 1361 5033 sed
1386 4943 1651 5031 tuberculum
1687 4938 1938 5061 paleti‘null
2082 5018 2086 5028 ,
