4734 6070
992 509 1136 568 ⁵²²·-
1593 493 2011 603 139'

223 707 347 799 simul
376 733 529 826 agunt,
556 739 683 828 seque
715 709 901 798 invicem
930 713 1168 830 appellant,
1214 745 1292 804 nec
1333 718 1460 833 longe
1503 717 1769 808 abinvicem
1796 723 1909 808 rece·

222 869 352 968 dunt;
384 885 582 958 autumno
611 861 837 950 comitatur
863 865 1017 982 proles.
1075 875 1125 955 In
1154 869 1402 956 australibus
1432 902 1524 957 raro
1552 877 1755 990 apparent
1781 896 1909 960 trans·

222 1019 360 1106 volae.
1904 1025 1910 1034 ’

362 1175 534 1258 Descr.
565 1165 815 1285 Magnitudo
843 1170 1040 1324 Yanelli,
1070 1203 1142 1258 seu
1171 1179 1298 1292 paulo
1327 1207 1447 1292 supra
1478 1179 1783 1289 Squatarolam.
1830 1185 1913 1264 Ro·

225 1353 357 1416 strum
385 1325 567 1438 nigrum.
623 1327 787 1440 Caput,
816 1322 961 1408 cervix
991 1326 1109 1429 alba,
1145 1326 1282 1413 lituris
1310 1328 1436 1414 fuscis
1472 1331 1698 1436 nebulosa,
1741 1333 1816 1418 sed
1856 1333 1915 1416 la·
1952 1323 1960 1329 ¹

224 1509 315 1572 tera
347 1475 452 1566 colli
478 1497 523 1560 et
553 1475 711 1591 juguli,
742 1477 830 1558 fere
856 1473 1152 1582 immaculata,
1180 1481 1366 1564 referunt
1393 1479 1565 1566 fasciam
1593 1483 1756 1583 albam,
1801 1513 1915 1568 aro·

227 1660 313 1723 stro
342 1636 396 1718 ad
425 1631 510 1714 alas
549 1628 710 1715 colores
752 1626 1039 1714 discordantes
1081 1627 1488 1746 interstinguentem.
1571 1637 1734 1720 Collum
1775 1637 1917 1720 subtus

231 1812 389 1888 atrum,
418 1780 640 1896 nigredine
670 1782 723 1864 ad
751 1779 884 1863 latera
913 1779 1064 1898 capitis
1092 1813 1222 1899 usque
1251 1786 1304 1868 ad
1333 1814 1449 1868 aures
1476 1784 1673 1886 dilatata,
1700 1785 1746 1870 in
1774 1787 1919 1900 jugulo

230 1939 450 2059 paululum
477 1955 707 2038 coarctata,
751 1929 910 2018 debinc
937 1956 1084 2048 pectus
1110 1939 1248 2021 tot'um
1276 1958 1320 2022 et
1350 1938 1480 2023 latera
1507 1940 1582 2023 sub
1612 1937 1689 2024 alis
1716 1911 1945 2054 occupanss

230 2119 290 2180 te.
346 2089 562 2176 Abdomen
574 2147 587 2186 ,
614 2081 966 2202 hypochondria,
996 2084 1169 2172 crissum
1198 2089 1306 2176 alba.
1379 2093 1560 2176 Dorsum
1588 2113 1632 2176 et
1659 2091 1818 2182 alarum
1850 2091 1924 2174 ba·

233 2275 298 2332 ses
325 2239 482 2360 plumis
509 2237 601 2330 basi
628 2235 957 2351 nigricantibus,
1000 2237 1119 2353 apice
1157 2242 1356 2358 pallidis,
1401 2242 1673 2357 variegatam.
1758 2244 1923 2358 Uropy·

230 2409 375 2514 gium,
405 2423 502 2478 cum
529 2388 775 2506 tectricibus
803 2391 962 2476 caudae
990 2390 1320 2508 rectricibusque
1352 2397 1499 2499 albae,
1540 2392 1681 2480 fasciis
1720 2415 1925 2478 transver-

147 2559 157 2578 '
236 2551 293 2639 sis
320 2545 467 2662 nigris.
533 2550 709 2631 Aletum
747 2544 924 2628 caudam
964 2543 1262 2631 excedentium
1303 2557 1477 2662 remiges
1515 2545 1724 2664 primores
1752 2543 1927 2660 nigrae,

234 2698 414 2790 interius
441 2699 589 2797 albae,
623 2733 638 2780 1
672 2700 726 2782 ad
758 2709 795 2784 5.
825 2691 975 2782 rhachi
1002 2693 1048 2778 in
1075 2695 1218 2784 medio
1248 2699 1367 2805 alba,
1406 2715 1430 2788 6
1461 2703 1514 2787 ad
1549 2735 1610 2786 ro.
1640 2695 1836 2786 albedine
1865 2692 1929 2780 di-

238 2857 392 2957 latata,
433 2874 566 2936 totam
607 2852 779 2934 tandem
808 2843 928 2933 basin
956 2871 1214 2964 occupante3
1256 2853 1529 2940 secundariae
1568 2853 1796 2969 pleraeque
1836 2847 1929 2934 basi

225 3005 437 3108 albidae,
466 3027 658 3089 extremo
685 3004 990 3104 luscescentes,
1031 2998 1236 3110 intimae,
1277 3028 1396 3092 utet
1423 3003 1619 3092 lectrices
1656 2998 1928 3088 secundariae

240 3185 290 3248 et
317 3159 382 3244 ala
409 3155 549 3274 spuria
585 3153 773 3270 margine
814 3173 991 3268 utroque
1030 3154 1127 3241 albo
1155 3159 1364 3243 dentatae.
1447 3157 1565 3244 Basis
1596 3157 1751 3244 alatum
1788 3155 1933 3248 subtus

243 3315 354 3417 alba,
384 3313 459 3398 sed
486 3307 662 3425 pinnula
689 3303 889 3392 subalaris
923 3305 990 3412 (in
1018 3306 1173 3394 Grallis
1201 3332 1246 3394 et
1273 3308 1584 3427 palmipedibus
1620 3307 1808 3428 apprime
1836 3335 1934 3392 con·

245 3465 419 3584 spicue,
446 3461 492 3546 in
519 3457 776 3546 Paradisaeis
805 3481 1035 3546 monstrose
1066 3469 1206 3573 aucta)
1234 3461 1502 3580 octipennis,
1532 3485 1631 3549 atra.
1717 3455 1936 3572 Pedesgni·

247 3616 340 3734 gri,
367 3616 495 3734 paulo
524 3613 739 3700 breviores
768 3644 893 3728 quarn
924 3615 1218 3727 Squatarolae3
1249 3619 1373 3729 digiti
1401 3614 1512 3730 mgis
1540 3612 1763 3731 marginati
1778 3675 1792 3714 ,
1821 3633 1936 3696 exte·

235 3773 337 3860 rior
363 3766 478 3886 plica
505 3767 593 3853 lata
621 3767 807 3852 adnexus
830 3801 841 3866 ;
899 3767 1067 3879 Ungues
1094 3767 1233 3852 obtusi
1260 3769 1422 3854 breves.
1489 3767 1629 3882 Digiti
1655 3776 1801 3883 postici
1827 3763 1939 3858 rudi·

250 3947 442 4011 mentum
470 3918 720 4018 minimum,
745 3901 1073 4017 verrubiforme,
1102 3895 1319 4006 musicum.
1351 3974 1401 4008 -,-
1459 3927 1509 4004 In
1538 3918 1801 4034 quibusdam,
1832 3919 1939 4002 forte

252 4078 476 4194 junioribus
502 4075 620 4159 color
647 4103 769 4190 supra
797 4071 930 4186 ma'gis
959 4073 1118 4176 luscus,
1148 4073 1218 4158 rel
1245 4073 1400 4189 plumis
1430 4071 1554 4158 fuscis
1580 4097 1769 4187 sparsus,
1798 4071 1941 4154 subtus

254 4265 280 4316 a
308 4229 449 4315 medio
478 4227 592 4313 collo
620 4229 674 4310 ad
701 4247 891 4312 ventrem
918 4223 1064 4339 niger,
1096 4226 1479 4312 albo-maculatus·
1565 4227 1769 4309 Rectrices
1795 4222 1942 4305 latera·

253 4385 319 4469 les
345 4381 558 4468 nonnullis
584 4381 711 4497 plane
740 4379 874 4463 albae.
957 4382 1171 4466 Mensurae
1200 4411 1223 4464 a
1254 4409 1418 4465 sumrno
1443 4400 1576 4464 rostro
1612 4378 1666 4463 ad
1692 4371 1945 4491 uropygium

257 4537 319 4624 δ”.
345 4533 468 4621 rostri
504 4571 518 4616 1
551 4535 656 4650 poll.
684 4533 842 4616 caudae
872 4530 1057 4645 aequalis
1086 4535 1146 4616 n‘'.
1176 4533 1245 4638 9“‘.
1275 4534 1399 4616 ulnae
1437 4531 1595 4616 alarum
1635 4531 1694 4642 7⁰.
1737 4529 1945 4613 femorum

256 4685 389 4808 partis
417 4689 598 4772 nudatae
627 4696 696 4798 7''‘.
723 4681 924 4770 tibiarum
957 4687 1013 4768 1⁰.
1043 4691 1113 4788 9'''·
1142 4681 1268 4798 digiti
1296 4683 1430 4770 medii
1464 4688 1519 4770 1⁰.
1559 4687 1629 4768 a‘''.

265 4914 271 4923 .
398 4841 513 4927 Not.
570 4846 620 4924 In
647 4835 766 4923 omni
802 4833 944 4922 avium
971 4863 1125 4950 genere
1155 4865 1371 4952 compares
1414 4835 1576 4954 species
1605 4837 1848 4949 frequentes
1876 4829 1949 4912 ob·

259 5025 487 5084 servamus.
570 4989 640 5082 sic
674 4989 787 5077 baec
828 5019 925 5076 cum
968 4955 1049 5077 e'h.
1092 4987 1322 5106 apricatio,
1372 4987 1581 5078 Pluvialis·
1614 5019 1710 5108 cum
1750 4979 1951 5082 Pardela,

1511 5163 1532 5207 Φ
