4734 6070
503 488 592 582 134
1264 491 1410 548 Ξ

495 692 653 816 pariter
682 723 730 780 ac
760 691 806 779 in
834 697 1022 810 Europa,
1069 694 1203 781 deest.
1270 689 1413 778 Primo
1442 719 1541 778 vere
1570 693 1769 778 adventat
1797 717 1841 778 et
1868 693 1913 780 in
1944 695 2049 782 ariis
2075 727 2171 784 cam·

496 879 645 967 porum
680 848 844 963 prolem
879 849 1058 948 educam
1112 871 1157 935 et
1187 845 1378 964 quamvis
1415 843 1601 930 maxime
1638 873 1880 951 numerosa,
1921 871 2063 935 tamen
2096 857 2172 964 ejus

498 999 646 1086 nidum
660 1023 704 1086 et
715 1000 879 1114 prolem
906 999 1115 1086 rarissime
1146 998 1248 1086 vidi.
1307 997 1537 1088 Character
1566 1019 1611 1084 et
1636 1027 1774 1082 mores
1802 999 1976 1088 omnino
2002 1001 2174 1088 Venelli.

498 1155 614 1236 Dum
642 1151 864 1256 incubant,
913 1151 1322 1268 adpropinquantem
1357 1149 1577 1240 hominem
1606 1179 1702 1234 cum
1732 1149 1860 1237 solito
1888 1153 2070 1240 clamore
2097 1183 2177 1238 cre·

496 1333 601 1423 pero
637 1271 777 1420 raupa⁴
805 1304 1118 1420 praetervolant
1152 1328 1195 1391 et
1228 1335 1361 1422 prope
1401 1301 1646 1402 consident,
1699 1325 1746 1388 ut
1782 1303 1993 1392 abducant
2020 1339 2045 1392 a
2071 1305 2177 1390 nido.

497 1457 634 1544 Nidus
672 1457 719 1543 in
759 1456 920 1567 campis
962 1455 1090 1542 aridis
1130 1455 1266 1544 humi.
1358 1460 1452 1545 Ova
1493 1454 1666 1542 Venelli
1706 1455 1941 1572 magnitud.
1977 1479 2021 1546 et
2050 1457 2180 1544 colora

499 1607 734 1699 simillima.
800 1615 1011 1698 Autumno
1044 1609 1260 1697 turmatim
1298 1630 1604 1726 congregantur
1640 1637 1737 1693 cum
1771 1611 1912 1726 prole,
1956 1633 2001 1700 et
2030 1632 2182 1696 matura

499 1764 554 1850 ed
581 1787 765 1852 austrum
794 1768 964 1852 abeunt.
1022 1762 1276 1881 Coleoptera
1304 1785 1349 1847 et
1377 1761 1546 1877 Gryllos
1574 1791 1651 1876 pro
1678 1763 1835 1877 pabulo
1862 1761 2021 1880 le'gunt.

425 1905 429 1916 ⁵
646 1921 815 2006 Descr.
858 1917 1017 2004 Affinis
1058 1921 1297 2020 Morinello,
1340 1899 1414 2000 sed
1453 1914 1566 2000 mole
1609 1914 1796 2000 Vanelli.
1866 1917 2016 2004 Vertex
2059 1917 2185 2034 niger,

498 2077 606 2157 uitta
646 2073 742 2156 alba
781 2071 965 2170 cinctus,
1009 2071 1192 2156 frontem
1226 2091 1412 2184 tegente.
1480 2070 1673 2153 Rostrum
1701 2066 1882 2182 nigrum.
1952 2071 2186 2187 Palpebrae,

501 2221 659 2328 lorum,
713 2242 904 2342 tempora
942 2225 1147 2310 subfusca.
1217 2225 1370 2310 Carula
1397 2243 1440 2306 et
1469 2218 1627 2304 collum
1654 2240 1791 2306 totum
1820 2251 1971 2338 gryseo
2000 2223 2187 2326 cinerem

493 2381 600 2488 gulo
629 2377 744 2478 alba3
769 2376 935 2464 inferne
965 2377 1122 2465 collum
1153 2374 1584 2462 fusco-maculosum.
1641 2374 1825 2460 Dorsum
1853 2375 2188 2492 fusco-nigrum,

497 2527 756 2642 marginibus
785 2531 1021 2647 plumarum
1051 2526 1222 2644 gryseis.
1291 2527 1555 2644 Uropygium
1582 2523 1769 2610 niveum.
1825 2530 1977 2616 Subtus
2007 2551 2190 2615 sternum

496 2676 637 2793 primo
666 2681 822 2786 album,
852 2682 953 2766 dein
982 2703 1131 2783 atrum,
1161 2681 1332 2765 demum
1359 2701 1590 2764 testaceum
1618 2677 1689 2760 vel
1717 2699 1855 2764 sature
1884 2681 2191 2798 ferrugineum

426 2879 431 2888 ·
480 2831 753 2934 'Abdomen,
796 2831 991 2937 eristum,
1035 2831 1167 2918 latera
1196 2831 1360 2916 atalae
1388 2832 1531 2917 subtus
1559 2830 1698 2916 nivea.
1754 2835 1945 2948 Remiges
1974 2845 2099 2950 prim.
2135 2869 2191 2920 ιο.

499 3011 674 3096 quarum
700 2985 862 3070 extima
889 2983 1074 3100 longior,
1104 2981 1250 3099 nigrae
1278 3013 1443 3083 omnes,
1473 2982 1694 3069 interiores
1727 2983 1818 3071 basi
1847 2987 2021 3090 albent;
2061 3019 2194 3076 secun·

500 3133 645 3222 dariae
681 3171 744 3223 aa.
771 3167 867 3225 cum
895 3135 1140 3224 tectricibus
1168 3135 1344 3237 niveae,
1384 3157 1552 3253 praeter
1578 3135 1750 3222 intimas
1779 3135 1941 3256 aliquot
1969 3169 2194 3228 canescen-

498 3307 578 3372 tas.
636 3291 785 3376 Cruda
813 3289 952 3378 brevis
978 3291 1218 3392 rotundatu,
1261 3288 1406 3396 nivea,
1451 3287 1698 3376 rectricibus
1727 3293 1880 3380 mediis
1906 3292 2042 3380 fascia
2068 3317 2195 3380 trans·

498 3469 619 3525 versu
645 3439 765 3556 nigra
791 3471 932 3528 versus
958 3441 1136 3558 apicem.
1192 3443 1322 3529 Pedes
1348 3442 1474 3545 fusci,
1527 3440 1674 3556 digitis
1700 3443 1924 3548 brevibus,
1968 3445 2194 3532 exterioris

499 3589 615 3708 plica
640 3592 751 3696 lata3
780 3593 1198 3711 posticusminutus,
1230 3627 1254 3680 a
1282 3618 1392 3680 terra
1421 3594 1576 3692 elatus,
1611 3593 1918 3710 unguiculatus.
1974 3601 2195 3684 Mensurae

499 3773 715 3832 aaummo
741 3769 875 3832 rostro
903 3747 958 3832 ad
984 3777 1159 3865 uropyg.
1189 3749 1247 3835 δ”.
1286 3751 1351 3834 1‘'‘.
1379 3744 1503 3833 rostri
1538 3749 1592 3832 ι”.
1628 3753 1693 3834 ι’”.
1725 3780 2003 3868 expansarum
2035 3753 2195 3838 alarum

504 3899 550 3980 r'.
581 3899 640 3982 o''.
676 3900 768 3985 arm.
795 3899 919 3984 ulnae
949 3900 1108 3986 alarum
1136 3906 1197 4014 7⁰.
1227 3897 1303 3986 6'“.
1333 3901 1492 3984 caudae
1522 3897 1583 3984 o‘'.
1614 3907 1685 4008 9'‘'.
1714 3903 1923 3989 femorum
1958 3903 2097 4021 partis
2126 3933 2197 3989 nu·

499 4047 579 4132 dae
614 4052 669 4136 r'‘.
700 4052 770 4138 o“'.
805 4048 1009 4138 tibiarum
1045 4053 1106 4137 o''.
1149 4055 1218 4138 o'''.
1255 4050 1383 4168 digiti
1420 4049 1555 4164 medii
1595 4053 1649 4138 r“.
1688 4055 1761 4142 3⁰2
1797 4085 1895 4144 cum
1931 4087 2077 4175 ungue
2110 4057 2195 4158 αἶ’.

497 4199 737 4292 lateralium
771 4238 815 4290 ro
848 4255 900 4272 —·
937 4207 1030 4292 11⁰¹.
1085 4207 1251 4294 Pondus
1280 4206 1409 4322 paulo
1436 4203 1544 4288 infra
1570 4204 1826 4294 sexunciule.

504 4711 509 4720 ι
588 4589 706 4692 257.
796 4581 1358 4684 cnanannrus
1395 4567 1747 4698 namneum.
1787 4589 1919 4684 nro.
1957 4591 2109 4689 tVn.

638 4811 686 4900 C.
714 4813 990 4931 tridactylus,
1021 4815 1181 4904 vertice
1209 4818 1325 4904 fusco
1354 4818 1484 4906 fascia
1526 4822 1622 4912 elba
1649 4819 1818 4928 cinctu,
1861 4845 2013 4943 torque
2060 4819 2199 4944 juguli
2325 4785 2326 4788 Ν

496 4963 614 5052 lusco
630 5013 644 5030 ·
660 4965 781 5072 alba,
808 4989 981 5084 pectore
1009 4969 1248 5084 ferrugineo
1274 4967 1496 5088 nigroque.
