4770 6042
1239 481 1386 542 ..τ-Ε

927 613 1680 861 munoxrne

588 1103 692 1188 Non
728 1095 874 1214 inepte
911 1115 1082 1212 possent
1119 1095 1278 1180 Loaeioe
1317 1097 1532 1181 Linnaei
1558 1091 1604 1180 in
1631 1090 1713 1178 tria
1749 1121 1900 1210 genera
1935 1093 2146 1215 dispesci,

451 1283 549 1344 eum
584 1257 880 1342 Brittania:
921 1251 1258 1334 Coccothroustes
1293 1277 1446 1364 nempe
1484 1245 1758 1350 conirostres;
1809 1251 1966 1336 Βοκίας
2007 1255 2146 1342 curvi·

449 1431 628 1504 roatres,
683 1408 737 1492 ad
774 1401 977 1490 Psittacus
1014 1399 1236 1484 transitum
1281 1397 1545 1502 indicantes,
1602 1421 1647 1484 et
1683 1399 1866 1516 denique
1914 1405 2144 1518 Pyrrhulas

448 1565 805 1674 microrhynchur,
855 1577 988 1640 rostro
1024 1551 1273 1638 brevissimo
1307 1549 1516 1637 conoideo
1553 1551 1748 1667 proxime
1786 1555 1840 1639 ad
1878 1555 2139 1649 Rubicillam

449 1715 712 1799 accedentes.
770 1711 1036 1796 characteres
1064 1701 1170 1788 haec
1198 1702 1279 1789 tria
1307 1732 1461 1818 genera
1489 1703 1825 1820 distinguentes,
1860 1707 2086 1828 praecipue
2115 1743 2140 1800 a

447 1885 583 1952 rostro
610 1861 814 1982 petendi,
870 1861 976 1946 adeo
1003 1855 1222 1943 evidentes
1250 1879 1371 1962 sunt,
1417 1878 1463 1941 ut
1488 1855 1716 1972 perfectius
1743 1856 1796 1943 iis
1823 1857 2140 1980 circumscripta

446 2040 702 2136 appareant,
745 2045 871 2132 quam
898 2035 993 2098 aunt
1021 2009 1336 2094 Emberizarum
1364 2031 1409 2094 et
1437 2016 1678 2114 Passerum,
1718 2008 1919 2096 familiae.
1989 2019 2137 2133 Itaque

398 2159 404 2170 ’
443 2173 521 2260 tub
548 2167 713 2287 triplici
743 2163 941 2270 nomine,
989 2159 1066 2248 has
1092 2193 1190 2247 aves
1220 2159 1293 2246 hic
1326 2189 1544 2246 recensere
1573 2159 1702 2246 satius
1730 2190 1820 2248 esse
1855 2163 1983 2266 duni,
2032 2167 2138 2260 licet

442 2321 608 2440 species
639 2320 749 2438 apud
775 2347 851 2404 nos
879 2313 1054 2430 quidem
1080 2343 1166 2400 uon
1195 2342 1442 2401 numerosae
1469 2313 1518 2400 id
1544 2313 1784 2430 requirant,
1838 2315 1915 2403 sed
1942 2319 2136 2414 exotico·

439 2505 535 2564 rum
561 2469 783 2564 draucos
810 2467 979 2557 facilior
1005 2468 1173 2554 evadet.

791 2739 907 2826 177.
993 2713 1291 2810 LOXIA
1378 2718 1753 2814 Cruoirostro.

576 2917 626 3022 1.
654 2927 831 3018 maxilla
866 2949 1043 3044 utraque
1072 2921 1273 3028 incurva,
1304 2921 1495 3039 apicibus
1524 2925 1853 3014 decumantibus.

659 3079 796 3172 Loris
824 3103 1068 3182 auctorum,
1104 3077 1324 3190 Willughb.
1354 3109 1440 3164 orn.
1470 3111 1511 3192 p.
1546 3093 1633 3166 181.
1662 3079 1747 3166 tob.
1777 3099 1845 3186 44.
1873 3081 1964 3202 Roj.
1995 3115 2061 3172 ou.
2084 3115 2127 3206 p.

713 3247 782 3328 86.
811 3235 955 3322 Albin.
982 3230 1315 3318 om.1.tab.61.
1345 3234 1499 3318 Frisch.
1527 3265 1594 3319 αυ.
1623 3237 1680 3320 Η.
1707 3234 1793 3348 tob.
1829 3271 1889 3322 tt.
1908 3241 1992 3354 fag.
2016 3255 2056 3328 3.
2085 3257 2125 3350 4.

708 3385 906 3476 edward.
935 3417 1002 3472 au.
1038 3384 1121 3469 tob.
1161 3397 1257 3472 303·
1298 3385 1478 3470 Brisson.
1516 3415 1600 3471 oro.
1636 3391 1714 3472 m.
1743 3421 1785 3506 p.
1817 3401 1912 3496 329.
1939 3391 2026 3478 tab.
2060 3429 2123 3510 ¹7·

698 3543 785 3657 sag.
816 3555 855 3630 3.
882 3537 1057 3662 Zoolog.
1087 3535 1181 3622 brit.
1211 3567 1252 3654 p.
1288 3551 1376 3622 106.
1406 3535 1491 3622 tab.
1521 3539 1569 3620 V.
1587 3545 1673 3654 fig.
1706 3575 1745 3628 a.

648 3693 786 3786 Luxia
815 3687 1100 3784 catrianam,
1131 3693 1217 3774 Lin.
1246 3710 1339 3802 syst
1367 3691 1462 3774 XII.
1492 3691 1526 3774 Ι.
1559 3725 1597 3810 p.
1628 3723 1719 3796 299,
1747 3725 1810 3814 sp.
1846 3733 1880 3782 ι.

648 3857 761 3938 Bec·
776 3837 910 3931 croire
940 3843 1242 3958 d’allemagne,
1269 3843 1484 3930 D’aubent.
1514 3853 1612 3962 pict.
1643 3847 1729 3934 tob.
1760 3861 1853 3936 ard.
1885 3851 2050 3972 (mala.)

650 4005 859 4092 Common
887 3993 1105 4101 crossbill,
1133 3999 1321 4081 Latham.
1351 4027 1445 4110 syn.
1473 3999 1548 4086 IV.
1576 4033 1618 4120 p.
1654 4015 1743 4092 rod.
1773 4035 1812 4092 n.
1847 4039 1886 4092 t.

645 4153 824 4244 Rosaice
850 4155 1006 4268 Kljoest
1036 4149 1104 4243 vel
1130 4151 1269 4236 Kliost
1294 4173 1339 4236 et
1365 4153 1495 4242 Klert.

643 4301 835 4398 Buraetis
874 4301 1059 4388 Dranniz.
1444 4407 1452 4422 ‚

643 4457 860 4552 Permecis
893 4459 1023 4545 Urkoi
1036 4491 1050 4554 ,·
1079 4455 1261 4544 Siraenit
1294 4459 1430 4546 Yrdai.

559 4619 610 4706 In
652 4613 785 4734 sylvis
811 4603 992 4698 aceresia
1018 4609 1146 4698 totius
1188 4609 1361 4696 Bossiae
1390 4632 1434 4696 et
1452 4605 1641 4700 Sibiriae
1668 4611 1887 4704 turmatim
1913 4641 2107 4734 vagatur,

420 4767 608 4860 maxime
643 4769 692 4856 in
730 4762 1017 4881 frigidioribus
1054 4786 1100 4850 et
1125 4760 1282 4880 alpinis
1315 4763 1523 4880 frequens.
1595 4771 1645 4853 In
1683 4767 1977 4858 Camtschatca
2011 4803 2110 4860 cum

416 4921 540 5040 sylva
579 4925 701 5012 deest
737 4919 895 5036 hyeme
936 4937 1027 5006 tota
1065 4915 1254 5034 gregaria
1290 4941 1486 5034 apparet,
1544 4949 1649 5010 voce
1688 4943 1733 5008 et
1770 4945 1897 5012 cautu
1935 4895 2131 5012 aaron(
