4778 6044
510 413 602 516 298
1276 425 1428 480 ει·

510 641 689 746 majores
732 629 930 716 collectas
973 624 1171 712 radiatim
1213 622 1416 740 infigunt,
1463 625 1577 740 quod
1619 619 1803 708 maxime
1833 621 2053 708 artificium
2080 625 2181 712 circa

512 779 901 870 Schakscha-noor
927 777 1100 904 miratus
1127 809 1231 863 sum.
1302 778 1396 862 Ova
1424 777 1670 894 plerumque
1696 773 1779 860 tria
1806 776 1875 858 vel
1904 799 2098 888 quatuor,
2125 811 2179 864 ta·

509 937 595 1022 rius
624 933 772 1050 quina,
826 932 1005 1020 anatinis
1033 937 1233 1048 subpara,
1288 933 1363 1016 sed
1389 926 1635 1040 oblongiora
1647 989 1663 1028 ,
1702 947 1810 1012 testa
1838 927 1933 1013 rudi
1960 928 2181 1044 inaequali,

510 1087 645 1174 dilnte
674 1085 1051 1204 cyaneo-viridia:
1080 1082 1348 1198 longitudine
1379 1081 1437 1167 2⁰.
1467 1081 1557 1186 tim.
1586 1079 1795 1165 diametro
1829 1080 1881 1166 1⁸.
1914 1083 2002 1170 63⁰2
2059 1085 2184 1170 Arbo-

508 1239 649 1326 resin
678 1239 829 1356 quibus
858 1238 981 1324 nidos
1009 1260 1190 1341 struunt,
1237 1269 1261 1320 a
1288 1233 1462 1350 copioso
1510 1233 1642 1350 prolis
1672 1255 1855 1320 stercore
1882 1257 1926 1319 et
1960 1233 2185 1351 pisculenta

507 1393 683 1496 illuvie,
727 1423 851 1506 quam
880 1413 1149 1506 congestant,
1191 1387 1423 1475 certissime
1451 1408 1641 1501 pereunt.
1712 1387 2078 1500 Quemadmodum
2107 1418 2188 1503 grc-

510 1545 642 1662 gatim
670 1543 886 1645 habitant,
923 1545 985 1630 ita
1012 1567 1056 1630 et
1083 1543 1297 1658 piscantur
1324 1562 1368 1625 et
1394 1538 1602 1655 piscatum
1630 1537 1975 1655 proficiscuntur,
2011 1539 2188 1656 obliquis

508 1727 675 1815 semper
703 1695 923 1784 ordinibus
952 1698 1163 1800 volantes,
1209 1692 1396 1780 extensis
1422 1692 1534 1777 inter
1561 1691 1789 1778 volandum
1817 1691 1961 1798 collis,
2005 1692 2081 1808 qui
2108 1721 2191 1778 mos

507 1873 553 1936 et
580 1850 775 1936 Gracu10.
845 1856 895 1934 In
923 1881 1031 1965 aqua
1059 1871 1206 1934 natant
1231 1877 1362 1961 usque
1391 1847 1444 1931 ad
1470 1842 1659 1956 jugulum
1698 1843 1888 1930 immersi
1917 1867 2045 1961 atque
2073 1875 2192 1961 expe

507 2002 717 2091 ditissime
746 2023 790 2086 et
817 2001 1052 2087 diutissime
1079 2000 1309 2096 urinantur.
1380 1997 1451 2084 Sic
1479 1995 1525 2080 in
1553 2029 1692 2084 nassas
1728 1997 1983 2116 piscatorum
2013 2001 2192 2116 quando·

507 2185 590 2274 que
618 2153 776 2238 intrant
803 2175 846 2238 et
874 2177 1066 2269 pereunt.
1152 2159 1202 2236 In
1231 2149 1414 2269 scopulis
1443 2149 1576 2236 erecti
1604 2150 1812 2268 uropygio
1847 2149 2039 2236 insident
2067 2155 2194 2238 cauda

507 2305 695 2412 suffulti,
749 2305 867 2422 iique
909 2306 1074 2422 scopuli
1114 2308 1166 2392 ab
1208 2301 1375 2390 illuvie*
1400 2303 1725 2390 excrementitia
1764 2301 1885 2418 quasi
1918 2304 2041 2389 calce
2070 2303 2197 2389 albati

507 2481 722 2577 apparent.
793 2458 919 2547 Circa
959 2457 1234 2572 scaturigines
1275 2456 1433 2543 calidas
1461 2454 1508 2540 in
1537 2456 1750 2542 Balcalem
1791 2458 2041 2562 effluentes,
2085 2479 2130 2542 et
2154 2459 2198 2544 in

507 2611 755 2698 australibus
783 2609 896 2698 circa
921 2613 1124 2726 Volgam,
1153 2609 1228 2696 ubi
1252 2609 1413 2724 glacies
1440 2606 1558 2714 hiat,
1586 2640 1671 2694 non
1699 2641 1791 2696 raro
1819 2608 2026 2726 hyemem
2056 2609 2198 2698 transi·

506 2788 610 2882 gunt
637 2762 771 2880 aliqui
799 2763 1016 2878 utriusque
1044 2762 1219 2880 speciei.
1288 2765 1373 2848 Sed
1410 2765 1531 2848 turba
1568 2769 1701 2875 major
1729 2765 1782 2848 ad
1809 2783 1994 2848 austrum
2027 2764 2077 2850 in
2105 2787 2200 2850 nota

505 2917 601 3002 loca
626 2915 793 3031 migrat.
860 2921 1081 3031 Quotquot
1107 2915 1153 3000 in
1181 2916 1350 3002 Balcale
1378 2938 1423 3000 et
1450 2914 1607 3000 vicinis
1635 2914 1847 3000 Davuriae
1873 2918 2054 3002 lacubus
2086 2916 2202 3002 aesti-

505 3089 627 3172 vant,
673 3093 874 3156 autumno
901 3071 954 3155 ad
981 3069 1089 3154 ostia
1117 3067 1341 3153 fluviorum
1368 3090 1690 3180 congregantur,
1733 3101 1836 3184 quos
1863 3071 2011 3156 salmo
2042 3093 2201 3157 autum·

508 3228 615 3309 nolis
642 3223 811 3332 (Omul)
841 3221 979 3326 subit,
1010 3253 1108 3306 cum
1135 3250 1218 3333 quo
1247 3217 1458 3333 migrant,
1503 3217 1600 3304 cibo
1629 3220 1748 3334 quasi
1777 3219 2048 3326 innatantes,
2080 3221 2206 3308 comi·

505 3371 617 3459 tibus
645 3373 763 3458 Laris
792 3377 864 3488 qui
893 3375 1031 3490 pisces
1061 3403 1116 3456 ex
1147 3385 1241 3456 aere
1270 3371 1516 3482 jaculantur.
1584 3375 1710 3457 Unde
1749 3371 2040 3489 piscatoribus
2069 3407 2205 3493 prom·

502 3546 626 3642 ptum
662 3523 872 3608 indicium
914 3525 1032 3624 viae,
1086 3553 1212 3636 qoam
1254 3523 1498 3608 Salmonum
1539 3527 1686 3610 turbae
1731 3525 1924 3640 quotidie
1953 3530 2206 3616 conficiunt.

506 3679 603 3764 Vox
632 3674 819 3763 Carboni
846 3677 1152 3791 Colymborum
1181 3705 1286 3762 voce
1315 3674 1541 3761 clamosior
1566 3699 1610 3761 et
1638 3676 1772 3791 magis
1800 3679 2007 3768 mascula.

642 3829 821 3914 Deser.
873 3831 1066 3917 Rostrum
1093 3827 1239 3915 cornei
1266 3825 1436 3914 coloris.
1504 3831 1695 3946 Spatium
1729 3831 1887 3916 nudum
1913 3831 2039 3920 inter
2064 3837 2208 3922 oculos

505 4003 550 4070 et
576 3978 799 4068 rescissum
824 3983 935 4068 ultra
961 3985 1106 4070 oculos
1133 3981 1288 4066 rictum
1315 3979 1400 4066 on's
1413 4037 1431 4051 -
1447 3979 1651 4069 coccineo
1664 4034 1680 4049 -
1694 3983 1866 4070 rubrum
1901 3983 1948 4070 in
1977 3986 2210 4104 Volgensi·

503 4137 583 4220 bus
618 4157 662 4219 et
691 4131 902 4250 Caspicis,
932 4133 1122 4221 Sibiricis
1149 4135 1328 4220 fulvum.
1397 4135 1505 4222 Gula
1531 4135 1616 4219 late
1643 4135 1755 4220 nuda
1764 4195 1779 4236 ‚
1833 4137 1971 4242 fusca,
2035 4138 2211 4259 papillis

508 4283 722 4372 coccineis
765 4308 811 4370 et
851 4285 1153 4373 lutescentibus
1195 4291 1419 4403 adspersa;
1477 4285 1610 4402 magis
1638 4287 1823 4374 colorata
1862 4289 1987 4378 mari.
2083 4295 2210 4382 Itidet

508 4435 878 4524 animae-virides.
945 4441 1132 4526 Circulos
1160 4439 1267 4524 latus
1296 4440 1414 4527 albus
1442 4441 1680 4556 plumarum
1708 4441 1761 4526 ab
1789 4443 1917 4530 oculo
1943 4447 2007 4532 ad
2037 4447 2210 4534 oculum

508 4587 652 4704 gulam
678 4587 833 4705 cingit,
887 4589 957 4676 cui
985 4589 1294 4677 conterminum
1324 4593 1505 4709 spatium
1542 4591 1806 4693 atenimum,
1863 4593 2209 4687 immaculatum.

508 4741 740 4858 Reliquum
767 4764 893 4859 caput
921 4763 964 4828 et
990 4740 1177 4829 maxime
1205 4745 1308 4832 colli
1335 4745 1508 4834 initium
1535 4746 1737 4864 plumulis
1766 4745 2024 4856 linearibus,
2072 4749 2212 4840 molli·

472 4893 608 5022 lbos,
662 4892 796 5008 albis,
850 4895 992 5016 nigras
1021 4899 1368 5016 exsuperantibus
1396 4901 1516 5020 quasi
1543 4899 1761 5020 capillata.
1830 4903 1974 4992 casta
2006 4899 2212 5024 occipitia
