4734 6070
986 457 1134 531 Ε
1808 453 1905 568 '185

217 683 395 790 niveae,
444 680 520 768 rix
549 681 666 768 lusco
691 675 951 796 inquinatae.
1021 683 1180 796 Corpus
1211 680 1353 767 subtus
1380 697 1516 768 totunt
1545 661 1730 770 niveum.
1803 687 1906 773 Uro·

217 847 395 953 pygr'um
423 837 640 952 caudaqua
670 833 792 932 alba3
849 829 988 950 strigis
1023 832 1266 918 transversis
1295 833 1452 950 nigris,
1510 833 1639 920 crisso
1667 835 1905 925 rarioribus.

216 995 422 1076 Rectn'ces
448 987 614 1074 mediae
643 1022 665 1072 a
697 1014 884 1101 gryseae.
941 985 1070 1071 Pedes
1096 986 1288 1100 proceri,
1331 987 1476 1101 pulcre
1503 987 1720 1092 coccinei,
1761 991 1908 1104 ungui·

217 1144 295 1228 bus
323 1141 474 1243 luscis3
530 1147 642 1258 plica
670 1137 927 1223 exteriorem
956 1133 1137 1252 digitum
1166 1141 1393 1224 adnectens
1420 1140 1505 1224 lata
1541 1141 1727 1256 poeticus
1755 1165 1911 1232 terram

218 1313 306 1381 non
335 1291 519 1415 attingit.
588 1295 784 1379 Mensura
821 1289 1011 1403 integrae
1041 1289 1095 1373 ad
1121 1289 1373 1404 uropygium
1403 1293 1463 1376 δ”.
1493 1293 1564 1400 9”’.
1594 1293 1718 1379 rostri
1753 1299 1806 1382 r''.
1835 1300 1906 1405 7“'.

216 1448 377 1532 caudae
408 1457 467 1530 a''.
498 1446 569 1532 5'‘'.
598 1445 722 1528 ulnae
752 1442 910 1528 alarum
941 1442 1000 1527 6''.
1028 1439 1159 1557 partis
1187 1443 1324 1528 nudae
1351 1445 1557 1530 femorum
1576 1447 1683 1532 .ro'“.
1707 1446 1909 1534 tibiarum

222 1605 281 1684 r‘'.
317 1602 409 1684 rom.
438 1595 566 1712 digiti
593 1593 726 1682 medii
761 1598 816 1678 1'‘.
848 1595 937 1694 nam.
1009 1596 1265 1680 Ventriculus
1301 1617 1351 1680 ut
1386 1595 1685 1714 Scolopacibus
1714 1599 1909 1687 omnibus

218 1780 395 1838 carnoso
421 1749 731 1867 panniculosus.
791 1751 927 1834 Coeca
955 1744 1300 1860 subbipollicarin

273 1906 317 1998 e.
360 1907 409 1988 E.
451 1899 692 1987 borealibus
734 1903 787 1986 ad
816 1899 886 1988 Ob
913 1901 1011 1982 fluv.
1052 1893 1182 1983 habui
1197 1865 1444 2015 *specimina
1477 1901 1576 1986 avis·
1594 1903 1757 1990 Calidri
1784 1905 1910 2018 valde

218 2053 385 2160 affinis,
441 2055 550 2138 forte
580 2086 605 2137 a
632 2049 796 2139 boreali
837 2049 1009 2136 climate
1037 2071 1211 2136 mutata.
1282 2057 1479 2170 (Semper
1507 2053 1622 2142 enim
1649 2087 1747 2142 aves
1778 2060 1830 2144 ad
1859 2087 1909 2142 ea

217 2209 338 2312 loca,
378 2206 452 2316 ubi
481 2207 676 2292 exclusae
707 2225 827 2308 sunt,
872 2205 924 2289 ad
951 2201 1272 2320 prolilicandum
1301 2227 1591 2314 revertuntur,
1619 2199 1804 2326 ideoque
1832 2208 1909 2295 cli·

217 2359 345 2448 matis
374 2361 529 2446 effectu
555 2360 773 2475 perplures
795 2354 1093 2474 generationes
1120 2355 1384 2463 continuato,
1413 2355 1543 2444 etiam
1560 2361 1729 2448 colores
1750 2384 1910 2446 mutare

217 2537 417 2634 possunt,
460 2534 507 2598 ut
535 2512 735 2625 exemplo
762 2509 808 2594 i'n
837 2510 1003 2595 Alauda
1031 2506 1165 2592 nivali
1194 2511 1514 2622 demonstravi).
1586 2517 1701 2599 Haec
1729 2511 1913 2599 borealis

219 2667 425 2754 varietas:
485 2666 598 2750 mole
633 2662 776 2749 media
815 2663 927 2748 inter
953 2667 1165 2746 Totanum
1194 2683 1239 2747 et
1264 2667 1480 2778 Tryngam
1509 2673 1761 2781 Pugnacem.
1831 2669 1912 2751 Ro·
1974 2637 1979 2647 ⁸

220 2841 351 2909 strum
376 2817 468 2905 basi
495 2820 691 2921 rubrum,
732 2838 777 2900 et
805 2818 965 2920 forma,
1008 2835 1057 2899 ut
1081 2812 1127 2898 in
1157 2811 1321 2930 vulgari
1349 2814 1538 2920 Calidri,
1582 2837 1627 2900 et
1654 2819 1776 2929 pedes
1803 2816 1910 2907 item

221 2971 458 3060 ruberrimi.
516 2973 557 3054 V
553 2989 666 3056 arten
694 2999 790 3055 cum
818 2965 986 3053 cervice
1012 2969 1149 3052 fusco·
1162 2967 1369 3070 canescit3
1398 2990 1554 3055 tractus
1583 2970 1700 3054 albus
1723 3003 1746 3055 a
1774 2941 1909 3058 rostro

222 3123 530 3242 supraciliaris3
558 3131 690 3208 lorum
716 3123 848 3207 latum
877 3121 1051 3223 luscum,
1083 3123 1136 3204 sd
1163 3121 1308 3205 oculos
1334 3121 1547 3208 subtiliter
1572 3119 1775 3237 pilosum,
1800 3131 1908 3236 gula

221 3281 333 3366 alba.
415 3279 580 3364 Collum
621 3272 791 3359 cinereo
833 3271 1051 3358 lituratum
1092 3271 1260 3372 album;
1312 3280 1501 3388 jugulum
1541 3295 1586 3358 et
1625 3249 1767 3389 pectus
1794 3276 1911 3360 fusco

221 3427 490 3520 transversim
532 3427 824 3512 subundulats.
893 3427 1244 3541 Hypoclrondrin‚
1301 3425 1499 3531 crissum,
1554 3427 1827 3515 subcaudales
1867 3449 1911 3513 et
1950 3495 1954 3504 .

223 3589 357 3675 latera
383 3579 582 3698 uropygii
608 3577 749 3664 fasciis
774 3575 1019 3664 transversis
1045 3576 1300 3694 nigrioribus
1328 3579 1544 3694 eleganter
1571 3579 1702 3696 picta.
1748 3581 1914 3694 Uropy·

220 3747 342 3857 giurn
368 3765 490 3852 supra
530 3733 685 3820 album.
754 3733 935 3818 Dorsum
974 3728 1261 3817 cinerescente
1302 3735 1487 3834 fuscum,
1539 3729 1695 3846 plumis
1724 3731 1911 3845 margine

224 3885 505 3978 albo-variis.
600 3887 777 3972 Alarum
825 3884 1089 3971 secundariae
1138 3883 1417 3998 tectricesque
1466 3884 1564 3969 albo
1604 3883 1800 3968 dentatae
1840 3885 1912 3969 vel

225 4043 445 4144 fascinum
473 4027 692 4162 primariae
719 4040 874 4126 fuscae.
932 4036 1079 4124 Cauda
1105 4035 1383 4152 subaequalis,
1412 4037 1497 4121 alas
1526 4035 1747 4136 excedens,
1771 4030 1912 4119 fasciis
1978 4115 1981 4124 ,

224 4192 468 4284 transversis
509 4188 773 4278 creberrimis
814 4188 920 4275 albis
960 4186 1175 4304 nigrisque
1217 4189 1441 4302 variegata.
1509 4191 1701 4274 Mensura
1739 4205 1829 4269 tota
1859 4187 1914 4270 sd

225 4348 479 4468 uropygium
514 4347 596 4432 10‘'.
612 4345 697 4468 ¹tm.
733 4341 857 4431 rostri
887 4343 946 4428 n‘'.
981 4345 1047 4428 r“'.
1084 4343 1209 4426 ulnae
1237 4342 1395 4427 alarum
1424 4341 1485 4428 δ”.
1516 4343 1586 4426 a''·.
1615 4335 1746 4453 partis
1774 4338 1911 4423 nudae

226 4505 434 4590 ternorum
467 4501 521 4586 r“.
550 4496 751 4590 tibiarum
781 4495 840 4581 n“.
875 4497 957 4588 rem.
986 4491 1114 4608 digiti
1139 4493 1274 4580 medii
1301 4497 1360 4602 (c.
1389 4524 1430 4580 u.
1463 4495 1573 4604 nrm.)
1610 4492 1663 4574 1⁰.
1695 4491 1782 4584 33...
1812 4518 1913 4576 cau-

225 4613 306 4744 dae
333 4657 392 4740 a'‘.
429 4651 498 4742 δ”.
554 4645 856 4768 Pinguissimae
884 4647 1022 4734 solent
1049 4676 1153 4733 esse.

908 4893 1223 4917 m
