4734 6070
429 519 489 606 82
1197 518 1343 576 ΕΞ

427 725 796 848 longitudinaliter
835 723 956 842 nigro
999 722 1199 840 fulvoque
1242 716 1414 810 fasciata
1441 715 1746 838 elegantissimi
1760 733 1830 806 'et'
1846 715 1953 806 mire
1974 711 2117 836 lepidi

427 909 537 974 sunt.

564 1040 740 1124 Descr.
783 1037 825 1122 V
822 1040 1007 1122 arietatis
1036 1031 1090 1116 ad
1116 1026 1327 1114 leniseam
1354 1027 1557 1142 vulgaris,
1613 1027 1682 1114 cui
1709 1023 1948 1112 Dauuricae
1977 1049 2119 1114 mutae

421 1215 520 1284 sunt
547 1188 818 1278 simillimae:
872 1185 1002 1272 Irides
1029 1181 1276 1300 spadiceae;
1335 1181 1526 1267 Rostrum
1563 1182 1822 1270 corneolum.
1891 1181 2121 1296 Supercilia

419 1355 602 1466 gulaque
629 1341 961 1458 pallido-alba3
1013 1343 1189 1424 circulus
1215 1331 1372 1436 ovalis,
1403 1332 1636 1421 maculosus
1664 1335 1801 1420 fuscus
1830 1365 1854 1418 a
1882 1351 2015 1418 rostro
2043 1361 2117 1448 gu·

423 1501 510 1586 lam
539 1493 856 1598 circumambit,
899 1499 1085 1608 lineaque
1113 1487 1255 1574 eidem
1284 1486 1487 1603 parallela
1514 1490 1567 1574 ab
1597 1485 1765 1574 auribus
1794 1487 1849 1572 ad
1876 1485 2018 1602 gulam
2046 1487 2120 1574 de·

420 1651 611 1751 scendit;
655 1644 845 1763 quadiu
873 1641 1101 1758 Europaeis
1129 1671 1214 1727 non
1242 1642 1434 1726 observo.
1491 1643 1648 1756 Caput,
1690 1637 1864 1744 cervix,
1899 1661 2118 1757 totumquo

418 1805 604 1905 dorsum,
649 1826 821 1914 gryseo,
863 1795 1126 1911 ferrugineo,
1167 1792 1375 1909 nigroque
1418 1793 1638 1894 undulata,
1695 1791 1892 1880 ductibus
1933 1793 2118 1911 scapinis

417 1955 541 2070 nigro
569 1947 815 2065 marginatis
843 1951 1030 2068 pallidis.
1086 1947 1239 2033 Subnts
1265 1945 1355 2032 avis
1380 1944 1557 2062 pallida,
1588 1947 1733 2062 jugulo
1759 1947 1996 2034 lutescente
2024 1947 2119 2034 sub-

416 2103 680 2220 lerrugineo,
736 2100 858 2220 nigro
886 2121 1063 2218 guttato.
1131 2102 1239 2186 Alae
1267 2097 1359 2184 basi
1386 2127 1536 2214 gryseo
1549 2149 1563 2166 ·
1576 2099 1905 2203 cinerescentes,
1949 2098 2118 2214 reliquo

416 2260 583 2361 fuscae,
613 2285 763 2372 gryseo
791 2255 954 2373 pallido
981 2253 1222 2340 undulatae.
1280 2255 1472 2366 Remiges
1501 2287 1566 2338 ar.
1595 2282 1770 2370 quarum
1799 2249 1927 2338 tertia
1962 2250 2117 2366 longis-

415 2408 545 2512 sima,
576 2445 598 2496 a
629 2432 675 2496 et
703 2423 727 2498 3
757 2413 1091 2523 subaugustatae.
1147 2405 1297 2494 Gauda
1324 2403 1593 2502 brevissima;
1610 2402 1949 2521 ‚decempeanim
1977 2413 2116 2492 rectri-

414 2594 483 2652 ces
509 2565 667 2669 fuscae,
711 2593 811 2650 arcu
838 2583 963 2676 atque
992 2558 1107 2646 linea
1131 2556 1305 2675 'scapina
1334 2558 1451 2646 arcui
1476 2555 1700 2644 insistente
1726 2555 1916 2675 pallidis.
1986 2557 2116 2646 Pedes

414 2715 616 2804 comeolo
629 2765 645 2784 ·
658 2713 807 2802 albidi.
864 2715 1031 2801 Pondus
1059 2709 1198 2796 minus
1225 2709 1456 2798 triuuciali.
1525 2713 1719 2798 Mensura
1759 2713 1813 2800 ad
1842 2739 2021 2828 uropyg.
2050 2711 2114 2800 5⁰.

413 2877 489 2978 9⁰2
516 2871 642 2956 ulnae
671 2869 831 2954 alarum
860 2873 921 2958 δ”.
952 2871 1024 2952 dm.
1052 2893 1330 2979 expansarum
1358 2871 1418 2954 θ’.
1449 2873 1520 2954 3”’.
1551 2862 1676 2952 rostri
1686 2867 1741 2952 ad
1761 2865 1916 2954 rictum
1944 2878 2015 2954 6⁰¹.
2043 2863 2114 2950 ad·

412 3021 639 3112 frontalem
668 3021 866 3138 angulum
883 3021 953 3112 5“‘.
982 3014 1114 3104 tibiae
1147 3021 1240 3104 nm.
1269 3016 1396 3135 digiti
1423 3017 1558 3105 medii
1586 3016 1719 3107 antici
1753 3016 1842 3106 ιο”.
1861 3017 2019 3136 postici
2045 3021 2115 3112 δ”.

414 3175 560 3288 Cystis
587 3177 718 3264 fellea
741 3173 907 3294 exigua
964 3175 1203 3258 [atestinum
1231 3206 1278 3257 aa
1310 3171 1416 3290 poll.
1471 3175 1609 3260 Caeca
1639 3187 1683 3271 δὲ
1709 3171 1930 3293 pollicum.

849 3481 1034 3592 XXXI·
1106 3479 1665 3594 PHASIANI.

549 3789 852 3880 Phasianorum
885 3823 1016 3910 genus
1043 3791 1172 3880 Asiae
1200 3793 1448 3911 praesertim
1489 3795 1635 3882 datum
1675 3811 1761 3896 est;
1802 3813 1848 3880 et
1873 3795 2108 3884 numerosis

411 3945 634 4066 speciebus
660 3945 707 4033 in
736 3945 818 4034 bac
846 3946 960 4034 orbis
987 3969 1107 4065 parte
1137 3945 1410 4037 distributum
1437 3971 1526 4056 est,
1568 3977 1745 4066 quarum
1785 3949 1894 4036 forta
1935 3949 2104 4066 aliquae

411 4099 551 4188 adbuc
592 4099 638 4186 in
683 4099 805 4187 terris
845 4130 981 4218 paene
1020 4099 1252 4218 incognitis
1292 4102 1404 4190 inter
1444 4103 1612 4192 Indiam
1640 4125 1686 4190 et
1711 4100 1926 4188 Tatariam
1954 4103 2103 4192 latent.

410 4259 504 4342 lmo
531 4253 577 4339 iu
607 4253 785 4341 Caucasi
824 4251 1007 4340 excelsis
1048 4253 1220 4372 rupibus
1248 4257 1435 4374 speciem
1465 4255 1664 4344 Phasiani
1693 4255 1832 4344 adbuc
1859 4254 1952 4342 dari
1979 4253 2104 4342 nobis

408 4404 620 4522 ignotam,
650 4405 976 4494 monticolarum
1003 4407 1210 4496 relatione
1238 4411 1481 4498 verosimile
1509 4415 1577 4518 fit,
1607 4410 1684 4530 qui
1711 4439 1834 4496 arem
1861 4410 2102 4526 quandam,

408 4605 642 4632 ······
675 4557 952 4648 illis·dictam
965 4619 982 4663 ,
1032 4586 1389 4666 commemorant,
1428 4593 1539 4683 quae
1580 4594 1685 4652 voce
1713 4595 1786 4650 sua
1814 4563 1924 4649 letas
1952 4565 2102 4681 adpro·

407 4709 684 4832 pinquantem
712 4711 935 4802 bominem
962 4714 1159 4818 nunciat,
1187 4737 1232 4803 et
1257 4723 1374 4830 cujus
1402 4749 1511 4823 mas,
1540 4719 1640 4806 ideo
1665 4717 1780 4834 quod
1808 4715 1989 4834 pedibus
2015 4715 2103 4802 cal·

407 4865 558 4953 caratis
585 4867 748 4984 pollet,
775 4869 830 4954 ab
857 4866 911 4955 iis
935 4871 1239 4958 Resclbarrnal
1264 4869 1295 4957 i.
1323 4899 1361 4958 e.
1391 4871 1734 4988 pentadactylus,
1763 4867 2102 4987 cognominatur.

406 5023 527 5112 uana
554 5051 702 5130 avem,
730 5049 858 5140 quam
885 5021 1033 5142 vulgus
1060 5019 1125 5112 ibi
1150 5021 1297 5140 novit,
1325 5027 1444 5117 nulls
1470 5055 1599 5150 opera
1625 5020 1820 5116 obtinere
1847 5019 1991 5144 potui,
2017 5023 2100 5114 sed
