4734 6070
471 503 567 608 Ιιι5
1251 525 1398 580 Ε

472 733 634 848 phagus
660 725 809 827 laxus,
836 723 950 842 mgis
978 723 1092 810 intus
1120 710 1527 839 longitudinalibut,
1564 725 1687 814 bulbo
1713 723 1843 810 orum
1871 721 2144 814 columbinum

474 902 695 996 aequante.
751 883 1009 966 Ventriculus
1034 875 1274 974 carnosior,
1303 906 1427 991 quam
1455 875 1502 962 in
1516 879 1717 966 Platalea.
1751 873 2002 963 Intestinum
2026 894 2067 984 ll
2080 909 2143 994 pe·

469 1035 597 1131 dum;
628 1061 750 1118 cocco
779 1031 864 1118 duo
893 1029 1045 1144 exigua
1073 1031 1195 1142 (34¹⁰)
1225 1028 1592 1145 quadripollicari,
1620 1052 1667 1116 et
1692 1059 1865 1116 coecum
1895 1025 2031 1114 adhuc
2056 1063 2145 1144 azy·

454 1215 552 1302 ,gon
578 1181 733 1270 exilius
761 1185 873 1297 (rm.)
901 1181 1093 1298 bipedali
1122 1183 1175 1268 ab
1203 1211 1283 1266 ano
1312 1179 1551 1268 intervallo.
1623 1183 1810 1270 Traclrea
1846 1203 1974 1268 reeta.
2043 1189 2148 1270 luter

466 1333 678 1449 cystidem
705 1335 877 1422 lelleam
905 1357 950 1420 et
976 1333 1112 1451 hepar
1143 1335 1292 1419 ductus
1320 1331 1635 1450 cysthepaticus
1663 1332 1853 1420 evidens.
1922 1335 2062 1421 Testes
2085 1365 2148 1450 cy·
2330 1359 2332 1428 ι

464 1485 701 1593 lindracei,
728 1487 899 1576 sinister
926 1509 1159 1575 antroraum
1189 1486 1407 1600 elongatus
1436 1509 1480 1572 et
1506 1508 1742 1575 extrorsum
1767 1507 2021 1576 recurvatus.
2061 1486 2151 1578 cot·
2330 1505 2332 1598 ι

462 1637 497 1725 li
524 1640 745 1734 vertebrae
778 1659 840 1749 14.

999 1857 1625 1883 Ἥ

917 2051 1192 2168 XXXVlll.
1258 2059 1376 2185 AR
1411 2059 1457 2164 D
1491 2057 1533 2164 E
1565 2059 1610 2162 A
1642 2053 1696 2162 E.

598 2401 763 2490 Ardeae
790 2395 908 2484 victu
934 2419 979 2484 et
1005 2398 1119 2486 vitae
1148 2432 1302 2520 genere
1331 2403 1464 2519 magis
1493 2399 1683 2492 Ciconiic
1721 2427 1847 2516 quam
1874 2398 2061 2488 Gruibus
2100 2429 2157 2487 as·

458 2553 708 2644 similantur.
780 2548 1105 2640 Characteribus
1133 2577 1302 2658 autem,
1343 2585 1447 2670 quos
1491 2555 1538 2641 in
1568 2552 1812 2670 spicilegiis
1852 2553 2067 2670 exposui²
2106 2555 2156 2640 ab

457 2707 646 2824 utrisque
674 2703 878 2792 dillentnt
905 2726 949 2789 et
979 2706 1147 2821 egregie
1177 2705 1289 2793 inter
1316 2737 1361 2794 se
1390 2707 1653 2795 conveniunt
1687 2735 1858 2813 omnes,
1898 2725 1947 2790 ut
1990 2727 2161 2824 praeter

461 2863 649 2950 hobitum
676 2858 723 2944 in
752 2853 847 2943 aliis
875 2889 1049 2960 nonum,
1077 2855 1125 2944 in
1152 2860 1365 2977 plerisque
1393 2891 1622 2977 procerum,
1648 2858 1724 2946 vix
1751 2857 2170 2947 ullumcircumcae'

457 3040 575 3100 surae
618 2997 847 3096 discrimen
875 3005 921 3092 in
950 3009 1067 3094 omni
1095 3041 1272 3098 numero
1301 3012 1536 3129 specierum
1567 3035 1778 3130 appareat.
1842 3011 1969 3098 Licet
1997 3007 2162 3130 aquati·

455 3191 558 3270 cae,
588 3158 806 3248 arboribus
832 3181 976 3246 tamen
1004 3161 1191 3249 insidere
1219 3186 1388 3269 amant,
1416 3163 1463 3250 in
1490 3163 1629 3282 iisque
1658 3165 1922 3266 nidulantur,
1951 3195 2068 3271 non,
2096 3159 2162 3250 uti

455 3320 591 3404 Grues
603 3375 618 3416 ,
645 3309 888 3429 geophilae.
942 3315 1105 3400 Victum
1132 3337 1277 3402 tameo
1305 3347 1476 3404 omnem
1505 3346 1561 3401 ex
1590 3317 1708 3433 aquis
1736 3339 1947 3435 petuntet
1970 3315 2163 3436 piscium

452 3490 550 3554 sunt
573 3465 864 3582 jaculatores„
907 3471 1008 3553 Non
1036 3469 1164 3584 plane
1191 3467 1364 3584 quidem
1393 3492 1535 3556 mutae
1562 3489 1682 3574 sunt,
1711 3493 1760 3555 ut
1787 3467 2020 3576 ciconiae,
2052 3491 2163 3554 atta·

450 3649 554 3708 meu
580 3617 719 3706 minus
745 3619 939 3722 vocales,
969 3649 1096 3736 quam
1124 3624 1282 3724 Grues,
1311 3622 1531 3740 minusque
1565 3620 1794 3740 gregoriae.
1861 3623 2049 3746 Volant
2075 3653 2163 3711 non
2331 3719 2332 3730 Ν

452 3793 630 3858 extenso
657 3771 797 3878 collo,
837 3793 886 3857 ut
913 3775 1071 3882 Grues,
1112 3775 1187 3861 sed
1213 3776 1269 3863 ad
1297 3775 1494 3865 humeros
1521 3795 1718 3864 retracto.
1785 3771 1981 3890 Migrant
2016 3775 2165 3866 solita·

448 3951 537 4012 me
564 3952 622 4012 ΘΧ
652 3945 805 4012 austro·

883 4179 1000 4296 245.
1090 4175 1377 4272 ARDEA
1474 4179 1707 4276 cinereo.

584 4387 641 4470 A.
669 4411 846 4500 corpore
873 4414 996 4502 supra
1024 4384 1195 4473 cinereo
1207 4447 1222 4488 ,
1262 4389 1389 4476 crista
1428 4391 1606 4510 bipenni
1633 4391 1902 4510 dependente
1929 4391 2164 4516 fasciaque

445 4535 659 4658 pectorali
686 4535 844 4652 nigris,
875 4534 979 4624 colli
1006 4537 1116 4651 jubis
1143 4541 1330 4654 guttatis.

530 4705 541 4724 “
662 4688 809 4775 Ardea
835 4685 996 4776 vertice
1025 4687 1148 4793 alba,
1178 4693 1334 4780 Frisclr.
1363 4725 1431 4782 cv.
1457 4698 1544 4784 rab.
1589 4729 1679 4806 ¹99·

661 4843 804 4930 Ardea
831 4839 1026 4942 cristata,
1066 4849 1246 4930 Βιίιιοιι.
1291 4876 1378 4934 orn.
1408 4849 1460 4938 V.
1489 4884 1529 4968 p.
1560 4863 1656 4961 696.
1685 4847 1774 4938 tat.
1812 4863 1879 4942 55.
1918 4851 2166 4950 D'cubaa.

721 5001 821 5110 pict.
849 4995 936 5084 tab.
963 5009 1059 5110 755.
1088 4993 1244 5088 adulta.
