4778 6044
1032 385 1182 437 ““““““““·’·’
1853 404 1941 484 3¹9

254 585 511 703 rupibusque
553 580 664 669 circa
705 585 916 668 Batauam
954 582 1212 700 praeruptis,
1255 587 1398 693 elatis,
1440 585 1666 678 inaccessis
1698 601 1814 686 nudo
1848 599 1939 687 solo

253 735 453 854 imponit,
484 767 508 820 e
537 734 987 820 virescente-cinereo
1016 735 1177 839 albida,
1206 738 1335 851 guttis
1368 744 1607 853 majusculis
1636 748 1761 834 fuscis
1790 775 1834 834 et
1861 755 1940 837 ob·

248 887 516 976 soletioribus
544 908 826 1000 conspurcata,
856 907 981 970 ovato
999 885 1158 992 conica,
1188 889 1457 1004 longitudine
1483 921 1609 1010 saepe
1638 901 1696 982 δ”.
1726 901 1937 990 diametro

255 1039 408 1126 a''.1‘''.
478 1040 588 1124 Pulli
629 1038 770 1124 medio
811 1036 914 1122 Julii
943 1036 1097 1140 adulti,
1153 1037 1429 1155 ineptissimi,
1488 1042 1563 1126 diu
1590 1046 1667 1130 alis
1694 1051 1758 1133 uti
1783 1051 1941 1153 nescii,

251 1191 445 1294 clamosi,
476 1225 500 1274 a
528 1192 728 1277 matribus
757 1187 1015 1288 nutriuntur,
1044 1176 1196 1303 quibus
1223 1190 1514 1278 dissimillimi.
1571 1200 1826 1285 Adultorum
1853 1233 1939 1288 vox

249 1341 362 1426 inter
401 1344 627 1428 volandum
672 1342 865 1444 corvina,
923 1368 1018 1424 cum
1060 1370 1162 1426 sono
1205 1341 1498 1428 cachinnantis
1539 1342 1725 1434 hominis
1768 1355 1935 1438 aemulo

251 1494 474 1580 alternans.
544 1503 706 1597 Noctu,
762 1490 1008 1610 praesertim
1050 1493 1334 1579 incubationis
1373 1516 1564 1611 tempore
1573 1559 1589 1597 ,
1644 1505 1698 1586 ad
1726 1533 1937 1590 remorum

249 1644 470 1761 strepitum
515 1645 822 1763 expergefacti,
864 1641 910 1728 in
950 1643 1097 1729 insulis
1139 1669 1344 1762 perpetuo
1378 1644 1554 1764 gannitu
1588 1648 1700 1740 inter
1734 1685 1779 1740 se
1807 1656 1938 1742 collo·

248 1821 429 1914 quuntur
456 1821 499 1883 et
524 1798 715 1886 indidem
745 1795 864 1914 qnasi
890 1795 1025 1880 levius
1065 1795 1341 1903 cachinnant,
1383 1820 1431 1881 ut
1458 1827 1482 1882 e
1509 1799 1741 1918 longinquo
1768 1809 1934 1892 turbam

247 1947 469 2036 hominurn
520 1953 879 2037 confabulantium
928 1947 1199 2036 mentiantur.
1283 1948 1473 2034 Putridas
1525 1953 1711 2038 maxime
1753 1956 1936 2071 piscium

246 2100 444 2215 reliquias
473 2102 518 2186 in
546 2101 690 2189 littore
718 2104 876 2218 legunt.
946 2102 986 2184 V
984 2108 1154 2205 otiatus,
1206 2099 1454 2218 praesertim
1482 2097 1593 2188 circa
1622 2109 1835 2192 Balcalem
1863 2111 1937 2194 du·

246 2253 366 2369 plex,
397 2255 485 2340 sola
513 2254 804 2368 magnitudine
833 2253 1019 2348 diversa,
1061 2255 1175 2367 quod
1203 2251 1250 2336 in
1279 2251 1426 2344 avibus
1455 2253 1660 2372 aquaticis
1686 2258 1830 2344 multis
1858 2262 1935 2347 ob-

245 2402 373 2510 tinet,
404 2429 449 2492 et
475 2405 781 2496 adtentioribus
810 2401 952 2522 Belgis
980 2401 1356 2526 notissimumlest.
1614 2407 1621 2416 ’

380 2713 553 2800 Dascr.
595 2715 843 2828 Magnitudo
871 2712 1092 2796 Tadornae
1122 2710 1191 2796 vel
1218 2709 1341 2796 ultra.
1412 2711 1605 2798 Rostrum
1636 2709 1779 2800 carina
1805 2717 1931 2806 valdo

244 2865 504 2978 angulatum,
548 2897 716 2954 cereum
745 2866 815 2950 vel
842 2863 1136 2981 sulphureum,
1179 2892 1274 2946 area
1302 2891 1453 2976 magna
1480 2861 1847 2954 coccineo-rubra
1875 2872 1931 2958 ad

242 3019 438 3130 angulum
466 3019 646 3106 carinae.
702 3021 996 3138 Palpebrurum
1023 3046 1165 3131 margo
1192 3016 1327 3100 nudus
1334 3074 1350 3114 ,
1377 3014 1541 3120 mollis,
1571 3013 1818 3124 coccineum
1853 3021 1931 3108 iri·

240 3169 314 3254 des
343 3169 540 3286 pallidae.
597 3175 752 3290 Caput,
786 3179 956 3274 collum,
985 3200 1134 3284 corpus
1161 3169 1304 3254 subtus
1329 3186 1492 3274 totum,
1525 3175 1619 3254 aloc
1645 3169 1808 3279 subtus,
1837 3205 1931 3261 uro·

239 3330 415 3437 pyga'um
442 3346 485 3406 et
511 3325 697 3440 aequalis
737 3322 1010 3411 cauda-nive
1049 3318 1309 3407 candidiora.
1377 3321 1559 3406 Dorsum
1599 3341 1644 3403 et
1680 3321 1772 3406 alae
1798 3355 1926 3439 supra

237 3469 402 3557 intense
444 3472 703 3590 leucophaea
744 3507 816 3562 seu
858 3471 1163 3560 coerulescenti
1180 3527 1194 3540 ·
1214 3501 1332 3557 cana.
1401 3472 1512 3558 Arae
1552 3491 1696 3560 tamen
1737 3476 1926 3592 spuriae,

237 3621 425 3738 itemque
455 3626 633 3739 remiges
673 3626 942 3714 secundariae
983 3625 1103 3742 apice
1142 3623 1390 3710 albicantes.
1459 3625 1666 3712 Tectn'ces
1699 3625 1929 3742 primariae

237 3775 364 3862 litura
392 3778 628 3864 lanceolata
657 3777 764 3864 disci
791 3777 924 3890 nigra.
992 3781 1184 3886 Remigas
1222 3811 1237 3857 s
1279 3777 1335 3860 ad
1369 3787 1408 3859 6.
1450 3775 1723 3859 extremitate
1763 3777 1923 3892 nigrae,

237 3927 423 4014 extimae
465 3930 620 4015 sensim
661 3929 864 4029 ulterius;
922 3931 1030 4012 duae
1074 3922 1261 4010 extimae
1294 3923 1462 4008 macula
1485 3947 1720 4012 transversa
1754 3926 1852 4014 alba
1877 3951 1928 4016 et

236 4078 377 4196 apice,
409 4097 433 4168 3
464 4086 516 4168 ad
546 4097 581 4170 6.
610 4106 774 4168 tanturn
801 4078 921 4198 apice
950 4079 1085 4164 albae.
1155 4075 1283 4161 Pedes
1309 4075 1472 4192 pallide
1496 4078 1800 4178 flavescentes,
1845 4107 1924 4166 un·

235 4233 385 4348 guibus
412 4231 563 4348 nigris,
593 4233 773 4340 obtusis,
813 4229 998 4348 posticus
1027 4225 1154 4316 exilis
1182 4259 1207 4312 a
1232 4247 1348 4314 terra
1371 4249 1571 4314 remotus.
1631 4227 1798 4314 Pondus
1822 4231 1924 4318 bili·

235 4384 302 4470 bri
331 4391 476 4498 majus.
512 4379 773 4474 ¹Mensurae:
809 4387 862 4471 ad
889 4380 1142 4502 uropygium
1175 4391 1223 4466 ι’.
1250 4375 1313 4466 δ”.
1339 4383 1502 4466 caudae
1527 4375 1588 4470 δ”.
1614 4377 1687 4486 9”.
1712 4384 1836 4470 rostri
1864 4387 1922 4473 ad

233 4537 318 4640 oris
348 4538 522 4652 angulos
550 4540 609 4625 δ”.
642 4539 799 4624 alansm
826 4539 950 4623 ulnae
985 4535 1026 4621 r‘.
1057 4535 1116 4634 δ”,
1144 4529 1210 4644 7”.
1236 4561 1515 4652 expansarum
1539 4531 1649 4616 ultra
1675 4531 1730 4636 ζ’.
1754 4537 1816 4640 ζ’.
1845 4566 1918 4622 ex·

234 4720 374 4776 cessus
414 4695 570 4777 alarum
615 4691 941 4809 compositarum
980 4687 1088 4771 ultra
1129 4687 1309 4776 caudam
1345 4683 1407 4774 δ’.
1432 4687 1499 4794 4'“.
1533 4683 1734 4772 tibiarum
1762 4687 1820 4772 α’.
1847 4687 1924 4776 6⁹2

231 4843 367 4962 digiti
395 4843 530 4930 medii
556 4847 674 4956 (curn
700 4872 797 4960 ung.
826 4842 909 4956 4'''.)
940 4851 998 4928 2⁸.
1031 4840 1106 4950 4'‘'.
