4770 6042
992 483 1140 538 ΕΞ
1234 594 1238 605 ¹
1831 473 1914 568 '49

224 681 480 803 oropygium
517 683 580 776 δ”.
608 695 680 772 3”’.
722 685 880 773 caudae
912 687 973 771 α’.
1003 686 1074 772 3‘''.
1105 684 1262 769 alarum
1306 713 1581 802 expansarum
1608 697 1670 774 δ”.
1696 695 1766 772 emt
1797 713 1907 772 com·

219 839 452 956 positarum
493 844 552 922 2⁰.
585 839 657 923 γΒΨ.
687 836 810 923 rostri
850 840 922 942 tm.
949 836 1079 923 tibiae
1109 834 1198 946 75⁰.
1233 835 1434 953 digent.
1465 838 1598 924 medii
1630 845 1686 951 (c.
1715 869 1758 922 u.
1796 847 1908 948 affl.)

218 997 291 1078 8”’.
320 989 477 1107 postici
504 993 561 1100 (c.
588 1020 629 1073 u.
660 992 768 1102 alm.)
800 989 886 1080 5l''‘.
923 1041 971 1058 -
989 967 1073 1076 'An
1100 985 1206 1074 haec
1233 989 1375 1105 specie
1405 989 1733 1105 distinguenda?

222 1265 339 1332 212.
398 1238 837 1330 ElVlBERlZA
889 1239 1310 1362 pyrrbuloirles.
1362 1239 1494 1330 TAB.
1532 1239 1701 1331 XLIX.
1730 1231 1819 1366 sig.
1862 1269 1906 1334 r.

358 1451 410 1530 Ε.
437 1467 571 1531 rostro
597 1442 826 1548 conoideo,
874 1444 1015 1561 capite
1046 1469 1155 1551 atro,
1206 1477 1330 1563 supra
1357 1475 1464 1532 cano
1494 1448 1693 1562 fuscoque
1721 1447 1906 1554 liturata

217 1602 365 1686 subtus
394 1600 502 1683 alba.

359 1757 476 1835 Haec
514 1770 679 1834 tantum
718 1745 765 1832 in
793 1748 1040 1836 australibus
1070 1751 1125 1836 ad
1151 1752 1333 1872 Volgam
1361 1773 1406 1836 et
1442 1747 1709 1866 Rhymnum,
1769 1782 1910 1838 versus

216 1929 334 1986 mare
363 1900 551 2017 caspium
581 1899 776 2000 aestivat,
807 1904 1088 2014 praecedente
1117 1911 1270 2014 major,
1300 1900 1550 2018 speciosior,
1588 1927 1631 1991 et
1657 1904 1703 1990 in
1731 1903 1912 1990 boreali·

215 2081 314 2138 ores
342 2051 533 2166 regiones
562 2079 647 2136 non
675 2051 846 2164 migrat,
905 2055 979 2140 sed
1006 2054 1116 2142 intra
1144 2052 1303 2170 caspici
1317 2053 1488 2138 ‘deserti
1515 2053 1675 2142 limites
1705 2052 1908 2160 subsistit,

217 2201 368 2318 ibique
398 2201 600 2308 nidificat,
646 2201 722 2288 ubi
750 2200 1026 2292 Schoeniclus
1054 2221 1218 2293 tantum
1257 2205 1517 2292 transvolans
1551 2235 1649 2292 vere
1677 2230 1720 2294 et
1749 2229 1907 2292 autum·

219 2385 277 2442 no
305 2377 493 2473 apparet.
641 2369 644 2376 '
1250 2333 1255 2342 .

355 2511 530 2596 Descr.
562 2509 633 2593 Ad
663 2507 846 2624 primum
874 2511 1040 2594 vultum
1068 2507 1305 2595 similitudo
1330 2537 1494 2594 summu
1513 2538 1610 2594 cum
1639 2507 1911 2595 schoeniclo.

217 2663 304 2748 sed
345 2683 443 2746 ante
485 2659 628 2748 omnia
665 2663 827 2748 dissert
848 2684 980 2748 rostro
1008 2659 1229 2765 crassiore,
1275 2662 1518 2746 subadunco
1545 2661 1632 2746 sere
1661 2658 1907 2776 Pyrrhulae.

217 2813 467 2925 Magnitudo
497 2843 619 2929 supra
647 2810 958 2900 Schoeniclum.
1026 2817 1162 2932 Caput
1203 2811 1479 2930 nigerimunr,
1519 2809 1740 2926 nigredine
1776 2808 1910 2926 magis

217 2991 295 3082 per
335 2963 495 3050 collum
525 2968 749 3080 producta.
819 2971 945 3054 Color
982 2996 1105 3082 supra
1144 2995 1294 3069 canus,
1352 2962 1489 3050 lituris
1528 2962 1909 3078 longitudinalibus

219 3115 361 3202 luscis.
421 3095 613 3232 demiges
637 3118 874 3233 ferrugineo
902 3119 1174 3234 marginatae.
1231 3117 1383 3204 saltas
1410 3137 1500 3201 tota
1530 3115 1637 3202 alba.
1666 3167 1722 3183 -
1747 3119 1913 3202 Forma

217 3276 283 3354 nr's
308 3270 479 3384 plumae
507 3267 660 3385 capitis
687 3299 838 3386 gryseo
855 3327 866 3337 -
885 3272 1163 3386 marginatae,
1204 3291 1252 3356 ut
1279 3265 1548 3362 Schoeniclo.
1605 3270 1769 3361 Pondus
1795 3264 1913 3350 unci-

218 3420 279 3506 ali
306 3423 554 3539 plerumque
584 3430 729 3535 majus.
785 3428 980 3510 Mensura
995 3426 1062 3540 ¹ad
1090 3422 1342 3537 uropygium
1370 3423 1430 3507 δ”.
1463 3424 1535 3528 9‘''.
1563 3422 1723 3507 caudae
1752 3422 1809 3506 2⁰.
1838 3418 1913 3507 dm.

218 3571 382 3660 alarum
408 3601 684 3688 expansarum
712 3579 773 3684 9⁰.
801 3577 872 3681 4’”.
899 3572 1227 3692 compositarum
1250 3577 1315 3662 ¹3'‘;
1347 3575 1416 3656 2'‘'.
1507 3607 1512 3614 ·

542 3821 657 3918 2'13.
748 3823 1191 3916 EMBERIZA
1274 3823 1594 3968 ‘passeriae

361 4035 415 4134 Ε.
441 4032 831 4148 gryseo-suscoque
858 4029 1050 4135 liturata,
1092 4028 1234 4146 capite
1262 4058 1411 4144 gryseo
1439 4027 1644 4143 nigroque
1672 4025 1810 4132 vario,
1847 4057 1912 4112 su·

218 4181 408 4298 perciliis
435 4181 629 4300 pallidis,
658 4181 904 4268 rectricibus
935 4219 974 4267 a.
1004 4181 1176 4268 extimis
1203 4183 1375 4298 oblique
1404 4179 1632 4272 dimidiato
1650 4229 1661 4243 ·
1678 4177 1799 4264 albis.

445 4335 582 4424 Cirlus
609 4334 758 4420 stultus
785 4306 1051 4448 tungusicus‚
1117 4339 1397 4422 Messerschm.
1428 4364 1513 4418 orn.
1543 4334 1632 4416 MS.
1664 4335 1711 4418 V.
1743 4364 1783 4447 p.
1815 4343 1909 4439 703.

439 4486 659 4574 Emberiza
698 4487 931 4604 passerina,
988 4490 1095 4572 Poll.
1138 4495 1226 4572 itin.
1265 4491 1300 4578 I.
1342 4485 1516 4602 append.
1559 4517 1598 4598 p.
1620 4497 1737 4590 ,456.
1775 4515 1813 4568 n.
1850 4515 1911 4566 ro.

498 4644 688 4724 Lotlrom.
717 4636 917 4753 symlllt
950 4675 990 4758 p.
1026 4655 1114 4748 196.
1142 4673 1183 4734 rr.
1213 4655 1280 4729 35.
1663 4659 1667 4666 ’

356 4790 513 4878 Passim
556 4791 602 4876 in
642 4791 889 4884 australibus
931 4791 1083 4908 apricis
1127 4792 1300 4880 Rossiae
1344 4813 1387 4875 et
1428 4786 1607 4873 Sibiriae
1647 4781 1910 4900 migrationis

216 4965 432 5062 tempore,
470 4965 514 5034 at
539 4942 587 5032 in
615 4944 878 5051 borealibus3
919 4945 1032 5034 circa
1060 4953 1312 5036 Beresovam
1328 4975 1380 5068 ⁸v.
1415 4971 1476 5070 gn
1507 4960 1665 5026 aestate
1692 4941 1913 5040 observata

1448 5127 1474 5209 7
