4778 6044
468 433 560 542 296
616 433 622 440 ’
1232 445 1377 499 =

467 653 635 771 ipsique
677 652 888 772 posterius
927 651 1054 766 plaga
1094 641 1297 731 tendinee
1338 643 1464 758 plana
1506 640 1703 754 insignes.
1773 635 1987 750 Pingucdo
2026 636 2157 726 etiam

464 805 633 893 interna
659 806 706 892 in
737 801 1008 891 voracissima
1038 805 1114 882 a've
1143 791 1399 912 parcissima.

608 975 648 1048 N
656 979 718 1044 ot.
755 993 789 1040 r.
820 960 875 1038 D.
905 955 1108 1037 Melcbior
1134 951 1178 1032 N
1183 951 1435 1034 itscbman
1461 949 1677 1032 Phormac.
1706 961 1745 1028 et
1771 943 1921 1026 Medic.
1938 944 2154 1030 Studiosus

464 1115 738 1227 seraptenas,
782 1103 922 1224 primo
951 1131 1076 1205 vere,
1122 1136 1240 1212 ³797·
1268 1099 1314 1184 in
1344 1102 1512 1184 deserto
1541 1100 1595 1182 ed
1624 1099 1796 1210 Sarpam
1823 1093 2008 1180 occisum
2036 1095 2154 1181 inve·

463 1266 529 1352 uit
557 1259 881 1361 Onocrotalum,
910 1263 1044 1370 cujus,
1072 1275 1244 1370 propter
1272 1249 1498 1336 insolitum
1527 1248 1738 1344 colorem,
1767 1243 1874 1330 mihi
1905 1271 2029 1362 caput
2056 1279 2153 1332 cum

464 1417 579 1504 collo
608 1415 828 1500 effaretum
854 1429 900 1494 et
926 1406 1036 1490 elam
1065 1433 1291 1520 expansam
1319 1398 1662 1490 communicavit.
1718 1397 1900 1484 Videtur
1928 1422 2153 1514 provectae

464 1569 613 1656 aetatis
640 1563 765 1650 luisse
794 1557 882 1645 avis
910 1564 1026 1672 cujus
1053 1557 1222 1672 plumae
1250 1554 1295 1640 in
1325 1555 1482 1670 capite,
1514 1554 1626 1638 collo
1652 1573 1743 1636 toto
1763 1580 1958 1666 corpore,
1987 1577 2155 1668 praeter

467 1723 554 1806 slas
580 1747 703 1835 supra
730 1716 919 1801 alborem
946 1705 1283 1822 elegantissimae
1312 1737 1429 1792 rosea
1459 1730 1578 1791 erant
1604 1705 1795 1822 perfusae
1823 1706 1985 1809 colore,
2032 1735 2153 1820 prae·

467 1873 610 1958 sertim
650 1889 771 1985 parte
810 1885 943 1965 tecta,
1025 1881 1073 1942 ut
1111 1861 1199 1944 fere
1241 1856 1568 1973 Phoenicopteri
1615 1857 1778 1942 colores
1820 1857 2155 1960 aemularentur;

467 2025 624 2137 lanugo
665 2018 795 2104 etiam
832 2014 879 2098 in
919 2035 1012 2098 toto
1057 2039 1232 2126 corpore
1276 2031 1369 2095 erat
1417 2009 1552 2096 dilute
1595 2038 1723 2095 rosea.
1809 2005 1989 2094 Brachia
2030 2042 2154 2125 supra

468 2173 696 2260 vestientes
737 2168 905 2286 plumae
947 2166 1063 2250 lusco
1102 2163 1380 2277 marginatae,
1430 2163 1572 2248 subtus
1612 2163 1737 2275 plane
1778 2159 1936 2274 nigrae.
2019 2163 2155 2248 Pedes

466 2325 608 2412 eidem
635 2303 845 2408 rubentes.
901 2319 1094 2404 Rostrum
1122 2315 1459 2416 coerulascente‚
1509 2316 1684 2398 rubente
1713 2337 1756 2398 et
1783 2317 1962 2398 flavente
1990 2312 2156 2402 varium

465 2477 513 2564 in
543 2505 620 2560 ave
649 2472 788 2559 adhuc
817 2467 1002 2570 recenti3
1046 2499 1188 2554 saccus
1217 2463 1371 2582 gulosis
1399 2462 1668 2570 durissimus,
1714 2465 1895 2550 evanido
1923 2496 1998 2581 per
2024 2467 2156 2554 sicca·

467 2627 631 2713 tionem
659 2627 815 2710 colore.
874 2627 1012 2708 Crista
1039 2618 1204 2709 nuchae
1231 2615 1422 2730 insignis.
1492 2621 1617 2702 Anne
1646 2621 1752 2704 forte
1779 2647 1834 2702 ex
1862 2640 1997 2702 austro
2026 2620 2156 2706 advo-

465 2779 556 2864 lans
583 2776 728 2864 indica
757 2775 845 2860 avis
874 2774 1122 2884 (Pelecanus
1149 2801 1311 2874 roseus,
1339 2775 1583 2859 Sonnarat
1611 2779 1703 2856 itin.
1732 2803 1772 2888 p.
1803 2805 1869 2878 9¹·
1899 2769 1985 2856 tob.
2017 2779 2128 2886 54)?

627 3139 781 3248 LVII.
853 3137 1989 3246 PHALACROCORACES.

603 3539 746 3648 Turpe
774 3530 924 3616 habitu
938 3591 951 3632 ,
979 3529 1125 3616 indole
1148 3529 1349 3645 ignavum
1378 3553 1421 3618 et
1449 3531 1669 3638 stolidum,
1700 3533 2005 3648 vitaegenete,
2034 3567 2156 3624 vora·

465 3687 595 3778 citata
625 3708 671 3770 et
696 3681 894 3768 continua
908 3680 1132 3768 diarrhoea
1159 3687 1331 3770 foedum
1360 3709 1404 3772 et
1431 3681 2008 3774 nauseuml’balacrocorecis
2022 3719 2156 3806 genus

466 3838 646 3930 cuilibet
700 3839 888 3950 Harpyas
916 3832 962 3920 in
991 3835 1239 3921 memoriam
1266 3865 1462 3924 revocare
1491 3836 1616 3925 facile
1643 3857 1829 3954 possunt.
1885 3839 1995 3929 cum
2021 3841 2157 3957 turpi·

466 3989 617 4080 tudine
645 4009 690 4074 et
717 3985 922 4072 aviditate
949 4016 1136 4094 summa,
1166 4018 1312 4074 omnes
1339 3991 1483 4076 volatu
1511 4019 1656 4104 graves
1684 4011 1730 4075 et
1755 3987 1894 4096 tardi,
1930 3993 2005 4078 sed
2033 3991 2156 4080 inde·

468 4143 580 4245 fessi,
611 4161 758 4226 natatu
787 4137 1009 4254 egilissimi
1036 4139 1338 4228 et'urinatores
1367 4139 1551 4258 egregii,
1577 4138 1757 4258 pedibus
1786 4143 1926 4228 manci
1953 4167 1997 4230 et
2023 4173 2156 4260 quum

466 4295 617 4382 sedent
647 4289 854 4407 uropygio
880 4311 926 4374 et
951 4287 1099 4406 rigidis
1127 4291 1374 4381 rectricibus
1400 4291 1650 4381 innituntur.
1688 4297 1835 4382 Rostro
1864 4295 2154 4412 cylindraceo,

469 4444 591 4562 apice
620 4445 804 4549 adrmco,
832 4444 919 4527 fere
949 4441 1181 4550 vulturino,
1225 4447 1405 4548 sulcato,
1433 4455 1594 4536 nonum
1620 4449 1813 4554 delectu,
1841 4447 2050 4566 parvitate
2076 4453 2155 4534 liu·

466 4623 592 4714 guas,
631 4597 781 4714 pedum
808 4594 1053 4712 plancorum
1080 4597 1414 4686 conformatione
1441 4621 1486 4686 et
1511 4598 1727 4716 rigiditate
1754 4609 1969 4688 rectricem
1993 4599 2158 4716 pariter

469 4773 596 4868 atque
623 4761 850 4866 remigum,
892 4779 1038 4838 omnes
1065 4755 1178 4840 iuter
1203 4751 1253 4840 se'
1276 4751 1559 4862 conveniunt,
1598 4775 1645 4842 et
1669 4785 1694 4840 a
1720 4756 1830 4844 Sidis
1857 4751 2043 4842 mamma
2070 4753 2159 4842 lor·

466 4931 537 4994 ma
562 4901 687 4990 rostri
712 4901 966 5020 discrepant.
