4734 6070
992 449 1164 502 ΕΞ
1868 449 1927 536 95

239 693 258 742 ,·⁴
382 645 488 732 Afra
527 642 617 732 aris
649 643 696 732 in
737 645 912 732 Rossiae
949 644 1159 762 frigidiori
1186 645 1357 734 climate
1387 649 1621 738 necessario
1648 652 1841 771 languet,
1883 673 1929 738 et

239 823 407 922 praeter
441 800 687 914 Petropolin
714 823 758 884 et
793 807 1011 888 Moscuam
1047 800 1185 886 adhuc
1214 833 1304 886 rara
1334 824 1425 903 est;¹
1478 803 1624 888 sedin
1663 803 1927 892 Chersoneso

239 953 401 1042 taurica
429 950 716 1064 vulgatissima
742 977 787 1040 et
814 955 1034 1040 foecunda.
1092 961 1142 1038 In
1170 955 1348 1070 sylvosis
1376 977 1420 1040 et
1447 954 1582 1042 hortis
1599 989 1621 1040 a
1636 955 1776 1071 primo
1804 983 1928 1049 mane

240 1103 446 1224 gregatim
480 1128 706 1190 excurrunt
732 1129 777 1192 et
804 1105 960 1221 ubique
987 1129 1187 1221 vagantur
1214 1106 1375 1194 victum
1403 1109 1485 1196 sibi
1513 1110 1628 1226 ipsae
1667 1129 1930 1222 quaerentes,

239 1257 406 1375 vesperi
447 1277 544 1341 curn
585 1258 769 1344 clamore
803 1261 974 1346 domurn
1012 1263 1202 1348 redeunt.
1274 1267 1492 1352 Foemirrce
1508 1357 1510 1362 ,
1527 1261 1610 1348 sibi
1638 1262 1798 1368 nidum,
1814 1259 1926 1346 inter

238 1433 427 1530 repreta,
456 1429 528 1492 aut
556 1409 704 1494 densas
733 1411 919 1527 altasque
943 1409 1095 1498 herbas
1123 1439 1340 1524 quaerunt,
1371 1439 1415 1500 et
1442 1413 1624 1533 plurima
1653 1445 1733 1500 ova
1762 1433 1928 1502 secreto

238 1563 339 1652 loco
363 1559 549 1680 pariunt,
578 1567 653 1648 se'd
680 1562 755 1648 via
782 1593 978 1679 unquam
994 1563 1196 1648 incubant
1219 1567 1358 1680 ipsae,
1384 1571 1496 1652 unde
1525 1599 1605 1654 ova
1634 1564 1803 1681 gallinis
1831 1567 1927 1650 sub·

236 1713 343 1836 poni
369 1715 509 1802 solent
533 1717 675 1806 studio
702 1714 949 1832 conquisita.
1007 1719 1151 1804 Victus
1176 1716 1423 1834 praesertim
1452 1749 1507 1808 err
1528 1718 1704 1806 Insectis
1726 1740 1770 1804 et
1790 1713 1929 1832 granis

239 1867 382 1958 variis.
454 1864 678 1982 Rigidiore
707 1891 855 1954 ,tamen
889 1867 1045 1985 hyeme
1074 1901 1097 1954 a
1126 1871 1225 1984 gelu
1252 1871 1411 1985 digitos
1436 1872 1595 1986 pedum
1623 1869 1848 1974 amittunt,
1891 1864 1929 1956 si

239 2053 326 2112 uon
369 2021 468 2106 loco
507 2041 743 2137 temperato
784 2045 991 2108 curentur.
1058 2020 1179 2107 Alias
1220 2019 1487 2108 viridissima
1528 2047 1572 2110 et
1612 2025 1783 2111 robusta
1812 2019 1928 2125 arias

236 2173 409 2292 quando
437 2174 568 2258 semel
594 2173 759 2288 plumas
786 2145 901 2258 nacti
930 2197 1030 2258 sum
1052 2173 1181 2290 pulli,
1210 2197 1303 2258 raro
1333 2197 1565 2288 aegrotant.
1595 2227 1647 2242 -
1677 2179 1853 2277 Carnes,
1882 2195 1931 2260 ut

237 2333 453 2414 Pavonum
480 2325 705 2438 junionrm,
733 2311 829 2442 post
848 2321 1101 2410 Phasianum
1130 2323 1373 2412 colchicum
1401 2325 1742 2414 delicatissimae.
1801 2329 1929 2414 Ceras

234 2479 398 2599 species
424 2473 527 2568 huic
554 2480 701 2596 generi
736 2479 869 2583 adest,
897 2471 945 2560 in
973 2507 1056 2592 qua
1083 2505 1219 2564 nares.

564 2739 567 2742 ,
963 2717 1238 2779 ,,-,,,
1413 2736 1419 2742 .,

862 2949 1283 3061 ORDOV.

672 3255 1491 3416 GRALLAE

779 3633 783 3643 =
876 3611 1290 3658 ψ

237 3935 247 3950 .
376 3837 542 3924 Grallce
570 3832 701 3921 etiam
744 3826 940 3920 Ordinem
966 3829 1156 3918 efficiunt
1182 3837 1281 3918 rere
1312 3837 1542 3920 nannetem
1568 3853 1614 3916 et
1637 3856 1717 3946 per
1745 3827 1926 3918 Otidum

231 4019 364 4108 genus
393 3991 447 4076 ad
490 3989 830 4074 Gallinaceorum
857 4015 930 4070 seu
970 3983 1301 4070 Pulveratricum
1339 3984 1595 4070 affinitatem
1636 3984 1924 4068 accedentem.

235 4141 491 4260 Praecipuus
519 4147 606 4256 ejus
634 4137 852 4226 character
878 4161 942 4225 est
969 4141 1117 4252 pedum
1137 4158 1181 4224 et
1204 4143 1301 4224 colli
1327 4134 1558 4254 proceritas
1583 4158 1626 4220 et
1639 4165 1762 4251 supra
1793 4159 1938 4250 genua

235 4297 448 4384 denudata
462 4297 647 4379 Femcra.
702 4295 861 4379 Rostris
891 4313 1031 4378 autem
1057 4291 1181 4376 valde
1207 4287 1320 4374 inter
1344 4317 1388 4375 se
1416 4289 1657 4404 discrepant
1683 4317 1850 4403 genera,
1879 4311 1928 4372 ut
1959 4333 1961 4338 v

235 4471 378 4534 tamen
418 4445 615 4532 transitus
651 4448 835 4562 quodam
870 4447 998 4532 modo
1024 4442 1071 4528 in
1098 4445 1231 4528 forma
1258 4476 1282 4528 a
1311 4421 1522 4530 consideo
1561 4440 1740 4551 Otidum
1768 4462 1813 4525 et
1839 4439 1927 4526 fere

236 4599 476 4716 gallinaceo
504 4623 657 4703 rostro,
695 4629 773 4714 per
800 4601 932 4684 Grues
960 4618 1004 4681 et
1032 4593 1309 4700 Charadrios,
1350 4597 1404 4680 ad
1431 4595 1682 4710 Scolopaces
1712 4613 1923 4708 appareat,

235 4748 516 4866 longissimis,
561 4748 912 4838 bacilliformibus
938 4746 1082 4837 rostris
1107 4747 1355 4854 instructas,
1395 4745 1591 4864 qualibus
1617 4744 1781 4829 nullum
1810 4740 1927 4834 aliud

236 4902 382 4994 avium
422 4933 552 5022 genus
591 4894 832 5023 praeditum
872 4927 949 4990 est.
1005 4899 1223 4989 Differunt
1263 4921 1403 4987 autem
1433 4875 1660 5016 ¹praeterea
1700 4895 1868 4982 Grallae
1904 4925 1930 4980 a
