4734 6070
1001 515 1147 571 ==
1545 567 1551 586 1
1820 485 1997 612 149'

335 723 380 818 β.
409 717 577 808 Femina
604 736 648 800 et
676 719 779 829 pulli
806 709 1026 802 hornotini
1052 721 1153 831 verb
1181 714 1305 832 hujus
1332 717 1518 836 speciei,
1560 721 1788 812 dissimiles
1815 757 1907 845 per·

222 869 347 960 lectis
376 871 584 972 maribus,
627 867 813 951 referunt
851 867 898 953 id
934 869 1048 983 quod
1082 872 1408 977 senonens,
1452 879 1709 963 Linnoeus
1748 878 1907 996 aliique

222 1053 302 1140 pro
331 1021 531 1108 distincta
559 1018 700 1137 specie
728 1011 987 1126 habuerunt,
1030 1043 1075 1106 et
1109 1024 1427 1113 Catesbaeus
1465 1058 1633 1143 quoque
1663 1029 1908 1120 delineavit.

220 1181 313 1260 Hae
353 1196 600 1289 personatae
639 1169 685 1255 in
701 1209 704 1216 ·
721 1171 876 1257 Sibiria
916 1174 1096 1290 passim,
1138 1174 1402 1290 migrationis
1443 1200 1633 1296 ternpore
1678 1187 1910 1271 autumnali

223 1325 486 1414 transvolant
512 1324 651 1427 solae,
694 1322 796 1408 sine·
825 1325 1032 1432 maribus,
1075 1348 1119 1414 et
1145 1328 1190 1412 in
1219 1327 1369 1412 Russia
1408 1360 1600 1445 quoque,
1643 1355 1738 1418 utut
1764 1335 1908 1444 rarius,

226 1478 501 1566 observantur
513 1539 525 1582 ‚
569 1474 681 1591 ripas
723 1478 1050 1591 frequentantes.
1119 1483 1367 1595 Magnitudo
1408 1482 1477 1568 his
1511 1485 1727 1587 Memlae3
1763 1519 1910 1606 corpus

221 1659 345 1750 supra
371 1631 560 1733 fuscum,
590 1626 847 1743 marginibus
874 1631 1110 1746 plumarum
1138 1635 1234 1717 rufis
1261 1665 1410 1750 pamm
1436 1634 1720 1749 variegatuur,
1765 1643 1909 1730 subtus

222 1783 435 1884 elbidum
467 1782 541 1866 sed
567 1782 758 1896 jugulum
784 1783 869 1866 late
897 1781 1113 1898 nigrescit.
1166 1788 1326 1893 Rostvi,
1356 1791 1507 1905 pedum
1535 1812 1578 1875 et
1604 1789 1734 1874 totius
1762 1823 1908 1912 corpo·

219 1933 278 2028 ria
306 1959 519 2020 caeterum
548 1935 682 2018 forma
708 1935 884 2039 eadem,
923 1939 1081 2053 pedum
1121 1937 1239 2023 color
1274 1939 1509 2026 coccineus.
1580 1937 1685 2026 Vidi
1714 1941 1910 2033 interme·

219 2087 311 2174 dias
352 2085 476 2200 hujus
516 2085 563 2170 in
600 2088 836 2202 perfectum
878 2084 1175 2174 histrionicum
1214 2088 1411 2178 habitum
1451 2092 1729 2202 mutationes,
1771 2119 1820 2184 ut
1855 2100 1910 2186 de

217 2237 444 2328 identitate
471 2239 632 2359 speciei
658 2237 824 2326 nullum
851 2237 963 2324 mihi
991 2240 1166 2327 dubium
1203 2245 1396 2359 supersit.

662 2673 789 2790 XLI.
856 2677 1468 2791 GLAREOLA.

925 2961 1190 2984 m-

329 3163 422 3246 Hoc
449 3159 622 3246 nomine
651 3193 674 3245 a
701 3161 963 3246 Brissonio
1002 3159 1185 3276 primum
1228 3156 1314 3246 hoc
1355 3187 1479 3246 sensu
1514 3156 1716 3276 imposito
1743 3157 1907 3278 placuit

216 3306 409 3398 indicare
435 3315 715 3400 Pratincolom
742 3316 997 3418 cremari,
1026 3343 1153 3429 quam
1181 3318 1433 3399 Linnaeus
1460 3314 1587 3428 plane
1615 3335 1761 3399 contra
1788 3335 1905 3398 natu·

215 3493 307 3548 ram
337 3466 390 3549 ad
417 3465 674 3556 Himndines
701 3463 918 3582 pertinere
947 3465 1156 3570 credidit,
1187 3495 1294 3582 quae
1321 3489 1465 3552 tamen
1492 3463 1635 3580 potius
1662 3462 1775 3552 inter
1789 3463 1906 3552 Gral-

218 3615 282 3702 las
310 3616 554 3734 (praecipue
584 3617 858 3731 Charadrios)
887 3639 931 3702 et
958 3621 1125 3704 Stemus
1154 3617 1296 3704 media
1326 3641 1390 3704 est
1417 3641 1462 3703 et
1490 3623 1589 3703 vere
1616 3616 1726 3704 nulli
1754 3617 1907 3704 horum

214 3799 417 3886 generum
445 3793 560 3856 recte
589 3767 854 3856 adnumerari
881 3793 1036 3887 potest.
1116 3769 1253 3858 Rallis
1294 3771 1467 3886 quidem
1507 3793 1642 3856 rostro
1678 3767 1908 3855 subsimilis

213 3945 308 4024 est,
335 3922 406 4008 vel
433 3922 470 4008 si
497 3921 631 4008 mavis
659 3921 841 4009 similior
870 3921 1059 4024 Cuculo;
1088 3925 1245 4039 pedum
1273 3953 1374 4008 vero
1403 3946 1528 4037 atque
1555 3919 1786 4035 digitomm
1812 3953 1906 4038 pro·

212 4075 438 4196 portione,
477 4097 525 4160 ut
564 4095 609 4161 et
650 4075 809 4160 alarum
850 4096 975 4189 atque
1017 4105 1125 4164 voce
1168 4078 1300 4193 magis
1345 4077 1398 4161 ad
1428 4071 1681 4162 Charadrios
1710 4073 1904 4173 accedit3

214 4231 348 4317 cauda
376 4225 580 4346 forcipata
607 4252 651 4314 et
677 4225 841 4312 falcatis
870 4225 948 4312 elis
976 4230 1166 4316 Stemam
1194 4231 1345 4329 refert,
1375 4249 1416 4313 at
1443 4224 1619 4331 habitu,
1648 4224 1836 4311 moribus
1862 4246 1907 4312 et

211 4379 329 4469 victu
368 4384 423 4468 ad
461 4403 677 4467 terrestres
717 4378 875 4494 magis,
916 4410 1044 4494 quam
1087 4381 1300 4496 aquaticas
1340 4409 1438 4466 aves
1482 4379 1651 4464 videtur
1677 4378 1905 4495 pertinere.

213 4531 489 4622 Characteres
519 4537 625 4620 adeo
651 4531 884 4651 peculiares
910 4561 1012 4648 prae
1039 4560 1083 4619 se
1111 4535 1192 4618 fert
1203 4595 1218 4634 ,
1256 4556 1303 4619 ut
1330 4531 1520 4647 quamvis
1550 4531 1624 4616 vix
1650 4561 1736 4616 non
1763 4529 1910 4617 omnia

210 4715 366 4802 genera
393 4707 557 4772 tantum
598 4717 653 4772 ex
696 4685 821 4773 unica
860 4681 1003 4799 specie
1044 4684 1222 4772 formata
1252 4689 1305 4772 ad
1334 4683 1475 4770 affinia
1505 4713 1659 4799 genera
1685 4683 1907 4770 referende

209 4868 302 4924 esse
331 4867 551 4944 censeam,
580 4839 628 4923 in
655 4840 737 4925 hac
766 4861 911 4924 tamen
941 4867 1018 4922 ave
1049 4837 1239 4923 diversae
1269 4834 1349 4922 sim
1375 4836 1628 4921 sententiae.
1688 4832 1906 4921 Credibile

207 5019 312 5078 vero
339 4989 476 5077 estin
504 4989 825 5079 mediterraneis
852 5012 898 5076 et
923 4989 1173 5078 australibus
1199 4987 1328 5076 Asiae
1357 5009 1402 5075 et
1429 4986 1600 5076 Africae
1630 4983 1806 5075 desertis
1834 4987 1905 5072 ad·
