4696 6054
768 671 952 762 Brisson.
980 697 1067 756 orn.
1095 667 1169 754 VI.
1195 697 1238 782 p.
1254 674 1349 775 ³44·
1376 669 1464 754 tab.
1480 675 1546 758 33.
1565 665 1652 782 fig
1667 697 1705 754 u.
1732 663 1933 754 foemina.
1960 669 2160 762 D’oubent

767 823 1077 939 picenum.

713 986 830 1066 Anas
856 1000 1070 1096 strepera,
1098 971 1170 1060 die
1198 970 1483 1082 Krachtente,
1527 975 1683 1064 Frlscla
1725 1005 1792 1062 uo.
1827 973 1912 1064 tab.
1954 987 2042 1064 166.
2077 982 2166 1094 (ssd
2303 971 2304 982 Ν

766 1161 989 1250 perperam
1015 1149 1150 1213 rostro
1178 1126 1334 1242 nigro).
2303 1175 2304 1222 3

713 1281 965 1374 Shelldralre
994 1313 1042 1368 or
1068 1277 1288 1396 Burrough
1304 1331 1319 1348 ·
1334 1282 1445 1388 duls,
1474 1283 1594 1371 Zool.
1624 1283 1718 1370 brit.
1747 1294 1899 1398 p.154.
1928 1311 1991 1400 sp.
2012 1315 2072 1368 m.
2090 1285 2166 1372 tub.
2303 1345 2304 1364 l

766 1439 821 1555 Q.
849 1439 1040 1522 Lashom.
1070 1465 1137 1520 ov.
1173 1435 1246 1521 Vr.
1275 1467 1317 1552 p.
1346 1449 1441 1542 504.
1470 1467 1513 1521 n.
1539 1451 1606 1526 51.
2303 1489 2304 1500 a

708 1595 826 1678 Anas
853 1590 1074 1692 Tadoma‚
1103 1591 1194 1674 Ltn.
1220 1609 1327 1704 syst.
1355 1589 1454 1676 XII.
1480 1592 1516 1674 I.
1545 1623 1588 1708 p.
1623 1603 1711 1700 ¹9⁵·
1741 1620 1806 1709 sp.
1818 1611 1859 1698 4.
1888 1593 2061 1682 Gmelln.
2087 1601 2168 1680 itin

762 1747 821 1828 Π.
850 1777 893 1862 p.
928 1753 1018 1831 185.
1046 1742 1134 1828 tob.
1169 1775 1232 1851 ¹9·
1511 1839 1519 1850 ¹

597 1898 776 1986 Rossice
804 1898 858 1983 ad
885 1896 1069 2012 Volgam
1109 1917 1154 1980 et
1195 1925 1253 1980 m.
1293 1893 1494 2010 Caspium
1533 1897 1760 2012 Peggonlsa
1801 1895 2069 2014 (variegata)
2108 1899 2172 1986 rel

655 2055 768 2140 Utlro
795 2055 1056 2170 peggonojo3
1084 2045 1130 2133 in
1159 2045 1315 2133 Sibiria
1343 2050 1515 2136 Atetta.

595 2203 762 2292 Tataris
790 2205 1064 2292 Rullo-Illum
1091 2199 1295 2316 (caninus
1324 2200 1461 2290 varius
1488 2175 1676 2315 Anser),
1706 2201 1777 2288 vel
1803 2203 1950 2292 It-Ktls
1976 2206 1996 2314 (
2009 2201 2173 2290 caninus

647 2364 829 2474 Anser).

595 2510 836 2600 Calmuccis
863 2511 1449 2624 caomhom-azat-nogossan

593 2662 811 2780 Mongolis
839 2664 1012 2778 Angonl
1042 2685 1087 2750 et
1111 2665 1270 2752 Alolstlt
1296 2661 1587 2776 (maculosus)
1623 2659 1693 2748 vel
1722 2663 2051 2779 Zooctor-gaet
2089 2665 2176 2772 (rs-

651 2817 738 2904 rius
766 2821 938 2927 Anser).

593 2969 804 3086 Tungusis
829 2972 997 3058 Buatol.

621 3281 836 3395 Frequens
865 3276 978 3366 circa
1008 3307 1123 3364 mare
1153 3275 1376 3395 Caspium,
1418 3279 1533 3366 lacus
1574 3277 1701 3366 salsos
1740 3301 1787 3364 et
1828 3307 1994 3365 amaros
2024 3271 2178 3364 deserti
2303 3395 2304 3400 Ν

480 3431 676 3531 taurici,
710 3461 954 3547 camporum
981 3431 1257 3533 Isetensium,
1288 3433 1587 3518 Barabensium
1616 3455 1660 3518 et
1674 3429 1885 3517 Dsuuriae
1915 3431 2105 3546 apricas.
2131 3433 2178 3512 ln
2303 3401 2304 3420 Ν

481 3583 741 3674 boreuliores
769 3585 963 3700 regiones
991 3613 1076 3668 non
1104 3583 1350 3688 adscendit,
1377 3583 1461 3670 nisi
1487 3615 1597 3672 casu.
1663 3585 1829 3673 Jacutio
1870 3586 2063 3671 adlatam
2090 3577 2176 3668 vidi

482 3761 683 3854 tanquam
711 3767 834 3822 nvem
861 3735 925 3825 ibi
952 3735 1221 3822 rarissimam.
1276 3742 1389 3821 Vere
1416 3769 1471 3823 err
1501 3762 1639 3825 austro
1668 3737 1843 3826 advenit
1870 3762 1915 3824 et
1942 3735 1992 3823 in
2021 3761 2178 3852 tempe-

480 3891 584 3984 retis
611 3887 827 3993 subsistit,
868 3891 983 3976 lucus
1011 3890 1155 3975 dulces
1183 3887 1299 3976 haud
1326 3890 1621 4006 frequentans,
1668 3895 1743 3980 sed
1788 3890 1976 3978 maxime
2015 3892 2176 3978 Cancro

480 4041 618 4132 salino
647 4065 693 4128 et
720 4040 894 4130 Oniscis
922 4009 1143 4128 natatoriis
1172 4045 1423 4159 frequentes.
1477 4045 1634 4132 Nldom
1661 4045 1765 4134 fecit
1791 4044 1836 4132 in
1866 4043 2083 4130 cuniculis
2110 4045 2176 4128 de·

478 4195 582 4283 serti
611 4193 807 4284 aridioris
834 4195 1042 4309 antiquis,
1085 4195 1157 4282 vel
1183 4226 1287 4311 quos
1313 4195 1406 4314 ipsa
1434 4199 1632 4314 adaptat,
1670 4198 1860 4315 itemque
1897 4195 1943 4284 in
1973 4193 2095 4284 cavis
2120 4225 2176 4280 ar·

477 4353 628 4438 borum
654 4350 838 4456 truncis,
867 4354 981 4437 unde
1011 4357 1146 4468 pullos
1175 4350 1368 4436 exclusos
1396 4349 1538 4438 stetim
1567 4353 1621 4436 ad
1649 4353 1789 4438 lacum
1823 4350 2019 4438 vicinum
2051 4349 2175 4436 dedu·

476 4499 565 4607 sit,
593 4533 675 4590 nec
704 4502 862 4620 agitata
886 4503 985 4591 illos
1014 4504 1189 4608 deserit,
1220 4504 1445 4613 subvolsns
1471 4535 1556 4590 non
1582 4502 1698 4620 prius
1725 4535 1851 4620 quam
1879 4503 1979 4590 illos
2008 4503 2057 4590 in
2085 4521 2173 4586 tuto

475 4655 646 4744 viderit.
707 4661 900 4772 Augusto
927 4681 1231 4774 congregantur
1258 4655 1304 4743 in
1333 4659 1531 4758 lacubus,
1571 4687 1706 4742 mares
1747 4686 1853 4746 voce
1881 4659 2038 4772 clange
2065 4657 2176 4742 inter

400 4907 405 4914 ,
476 4810 705 4897 volandum
735 4810 969 4916 notabiles,
1000 4835 1044 4896 et
1070 4808 1226 4896 sensim
1252 4841 1395 4898 versus
1422 4837 1606 4898 austrum
1634 4815 1806 4899 abeunt.
1862 4810 2026 4896 Volant
2048 4805 2171 4894 levis

476 4959 582 5048 sime
610 4963 667 5050 ob
697 4995 891 5080 magnam
917 4963 1075 5052 alarum
1102 4963 1431 5082 proportionem.
1499 4964 1826 5084 Elegantissime
1869 4963 2066 5081 corporis
2095 4956 2173 5044 situ
