<?xml version="1.0" encoding="UTF-8"?>
<!DOCTYPE html PUBLIC "-//W3C//DTD XHTML 1.0 Transitional//EN"
    "http://www.w3.org/TR/xhtml1/DTD/xhtml1-transitional.dtd">
<html xmlns="http://www.w3.org/1999/xhtml" xml:lang="en" lang="en">
 <head>
  <title>
</title>
<meta http-equiv="Content-Type" content="text/html;charset=utf-8" />
  <meta name='ocr-system' content='tesseract 3.04.00' />
  <meta name='ocr-capabilities' content='ocr_page ocr_carea ocr_par ocr_line ocrx_word'/>
</head>
<body>
  <div class='ocr_page' id='page_1' title='image "./zoographiarosso02pallgoog_0301.png"; bbox 0 0 4696 6054; ppageno 0'>
   <div class='ocr_carea' id='block_1_1' title="bbox 431 427 1345 518">
    <p class='ocr_par' dir='ltr' id='par_1_1' title="bbox 431 427 1345 518">
     <span class='ocr_line' id='line_1_1' title="bbox 431 427 1345 518; baseline -0.009 -1"><span class='ocrx_word' id='word_1_1' title='bbox 431 427 522 518; x_wconf 91' lang='lat'><strong>266</strong></span> <span class='ocrx_word' id='word_1_2' title='bbox 1198 457 1345 510; x_wconf 64' lang='lat' dir='ltr'><strong>m</strong></span> 
     </span>
    </p>
   </div>
   <div class='ocr_carea' id='block_1_2' title="bbox 420 649 2116 2898">
    <p class='ocr_par' dir='ltr' id='par_1_2' title="bbox 534 649 2113 923">
     <span class='ocr_line' id='line_1_2' title="bbox 534 649 2113 770; baseline -0.001 -27"><span class='ocrx_word' id='word_1_3' title='bbox 534 656 707 746; x_wconf 85' lang='lat' dir='ltr'><strong>Rossice</strong></span> <span class='ocrx_word' id='word_1_4' title='bbox 752 659 930 744; x_wconf 79' lang='lat' dir='ltr'><strong>Tachem</strong></span> <span class='ocrx_word' id='word_1_5' title='bbox 970 655 1042 740; x_wconf 85' lang='lat' dir='ltr'><strong>vel</strong></span> <span class='ocrx_word' id='word_1_6' title='bbox 1084 655 1301 741; x_wconf 78' lang='lat' dir='ltr'><strong>Tsclremet</strong></span> <span class='ocrx_word' id='word_1_7' title='bbox 1340 653 1637 770; x_wconf 86' lang='lat' dir='ltr'><strong>(Nigrecnla),·</strong></span> <span class='ocrx_word' id='word_1_8' title='bbox 1693 650 1740 738; x_wconf 93' lang='lat' dir='ltr'><strong>in</strong></span> <span class='ocrx_word' id='word_1_9' title='bbox 1768 649 1925 742; x_wconf 86' lang='lat' dir='ltr'><strong>Sibiria</strong></span> <span class='ocrx_word' id='word_1_10' title='bbox 1951 657 2113 744; x_wconf 77' lang='lat' dir='ltr'><strong>Kossak</strong></span> 
     </span>
     <span class='ocr_line' id='line_1_3' title="bbox 593 811 826 923; baseline 0.009 -29"><span class='ocrx_word' id='word_1_11' title='bbox 593 813 637 918; x_wconf 89' lang='lat' dir='ltr'><strong>(a</strong></span> <span class='ocrx_word' id='word_1_12' title='bbox 667 811 826 923; x_wconf 89' lang='lat' dir='ltr'><strong>crista).</strong></span> 
     </span>
    </p>

    <p class='ocr_par' dir='ltr' id='par_1_3' title="bbox 533 953 1263 1050">
     <span class='ocr_line' id='line_1_4' title="bbox 533 953 1263 1050; baseline 0.004 -3"><span class='ocrx_word' id='word_1_13' title='bbox 533 962 776 1049; x_wconf 83' lang='lat' dir='ltr'><strong>Baschltiris</strong></span> <span class='ocrx_word' id='word_1_14' title='bbox 805 967 1146 1050; x_wconf 65' lang='lat' dir='ltr'><strong>lintach-chalab.</strong></span> <span class='ocrx_word' id='word_1_15' title='bbox 1257 953 1263 960; x_wconf 51' lang='grc'><strong>’</strong></span> 
     </span>
    </p>

    <p class='ocr_par' dir='ltr' id='par_1_4' title="bbox 533 1111 2112 1538">
     <span class='ocr_line' id='line_1_5' title="bbox 533 1111 2112 1235; baseline 0 -37"><span class='ocrx_word' id='word_1_16' title='bbox 533 1113 716 1201; x_wconf 88' lang='lat' dir='ltr'><strong>Siraenis</strong></span> <span class='ocrx_word' id='word_1_17' title='bbox 748 1118 953 1235; x_wconf 74' lang='lat' dir='ltr'><strong>Tjnlrdla5</strong></span> <span class='ocrx_word' id='word_1_18' title='bbox 981 1114 1159 1229; x_wconf 85' lang='lat' dir='ltr'><strong>Vogulis</strong></span> <span class='ocrx_word' id='word_1_19' title='bbox 1191 1115 1274 1200; x_wconf 86' lang='lat' dir='ltr'><strong>Tor</strong></span> <span class='ocrx_word' id='word_1_20' title='bbox 1288 1165 1302 1180; x_wconf 86' lang='lat'><em>-</em></span> <span class='ocrx_word' id='word_1_21' title='bbox 1315 1123 1473 1202; x_wconf 78' lang='lat' dir='ltr'><strong>nessei</strong></span> <span class='ocrx_word' id='word_1_22' title='bbox 1499 1111 1683 1200; x_wconf 87' lang='lat' dir='ltr'><strong>Ostiacis</strong></span> <span class='ocrx_word' id='word_1_23' title='bbox 1715 1114 1807 1202; x_wconf 81' lang='lat' dir='ltr'><strong>Tun</strong></span> <span class='ocrx_word' id='word_1_24' title='bbox 1820 1165 1834 1180; x_wconf 92' lang='lat'><strong>·</strong></span> <span class='ocrx_word' id='word_1_25' title='bbox 1848 1145 1977 1202; x_wconf 81' lang='lat' dir='ltr'><strong>masse</strong></span> <span class='ocrx_word' id='word_1_26' title='bbox 2007 1115 2112 1222; x_wconf 83' lang='lat' dir='ltr'><strong>(Tor</strong></span> 
     </span>
     <span class='ocr_line' id='line_1_6' title="bbox 589 1266 2110 1383; baseline -0.001 -30"><span class='ocrx_word' id='word_1_27' title='bbox 589 1290 634 1353; x_wconf 91' lang='lat' dir='ltr'><strong>et</strong></span> <span class='ocrx_word' id='word_1_28' title='bbox 665 1271 728 1356; x_wconf 81' lang='lat' dir='ltr'><strong>Tu</strong></span> <span class='ocrx_word' id='word_1_29' title='bbox 755 1268 992 1383; x_wconf 78' lang='lat' dir='ltr'><strong>significant</strong></span> <span class='ocrx_word' id='word_1_30' title='bbox 1027 1270 1141 1354; x_wconf 90' lang='lat' dir='ltr'><strong>lacus</strong></span> <span class='ocrx_word' id='word_1_31' title='bbox 1179 1266 1458 1378; x_wconf 87' lang='lat' dir='ltr'><strong>maritimos);</strong></span> <span class='ocrx_word' id='word_1_32' title='bbox 1514 1271 1568 1354; x_wconf 91' lang='lat' dir='ltr'><strong>ad</strong></span> <span class='ocrx_word' id='word_1_33' title='bbox 1603 1271 1755 1382; x_wconf 85' lang='lat' dir='ltr'><strong>Surgut</strong></span> <span class='ocrx_word' id='word_1_34' title='bbox 1792 1268 1907 1354; x_wconf 77' lang='lat' dir='ltr'><strong>Jtnt-</strong></span> <span class='ocrx_word' id='word_1_35' title='bbox 1928 1271 2110 1354; x_wconf 76' lang='lat' dir='ltr'><strong>massech</strong></span> 
     </span>
     <span class='ocr_line' id='line_1_7' title="bbox 589 1421 999 1538; baseline 0.005 -32"><span class='ocrx_word' id='word_1_36' title='bbox 589 1421 811 1538; x_wconf 87' lang='lat' dir='ltr'><strong>(aquatilis</strong></span> <span class='ocrx_word' id='word_1_37' title='bbox 839 1428 999 1535; x_wconf 89' lang='lat' dir='ltr'><strong>Anas).</strong></span> 
     </span>
    </p>

    <p class='ocr_par' dir='ltr' id='par_1_5' title="bbox 529 1576 1377 1695">
     <span class='ocr_line' id='line_1_8' title="bbox 529 1576 1377 1695; baseline 0.001 -36"><span class='ocrx_word' id='word_1_38' title='bbox 529 1576 737 1690; x_wconf 86' lang='lat' dir='ltr'><strong>Tungusis</strong></span> <span class='ocrx_word' id='word_1_39' title='bbox 765 1577 996 1689; x_wconf 79' lang='lat' dir='ltr'><strong>Jombanga</strong></span> <span class='ocrx_word' id='word_1_40' title='bbox 1025 1597 1069 1660; x_wconf 90' lang='lat' dir='ltr'><strong>et</strong></span> <span class='ocrx_word' id='word_1_41' title='bbox 1093 1577 1296 1695; x_wconf 82' lang='lat' dir='ltr'><strong>Momjeg.</strong></span> <span class='ocrx_word' id='word_1_42' title='bbox 1372 1583 1377 1594; x_wconf 84' lang='grc'><strong>“</strong></span> 
     </span>
    </p>

    <p class='ocr_par' dir='ltr' id='par_1_6' title="bbox 534 1727 987 1840">
     <span class='ocr_line' id='line_1_9' title="bbox 534 1727 987 1840; baseline -0.007 -26"><span class='ocrx_word' id='word_1_43' title='bbox 534 1727 731 1816; x_wconf 83' lang='lat' dir='ltr'><strong>Coraecis</strong></span> <span class='ocrx_word' id='word_1_44' title='bbox 758 1730 987 1840; x_wconf 79' lang='lat' dir='ltr'><strong>Aingohal.</strong></span> 
     </span>
    </p>

    <p class='ocr_par' dir='ltr' id='par_1_7' title="bbox 533 1878 1567 1968">
     <span class='ocr_line' id='line_1_10' title="bbox 533 1878 1567 1968; baseline -0.004 0"><span class='ocrx_word' id='word_1_45' title='bbox 533 1878 869 1968; x_wconf 87' lang='lat' dir='ltr'><strong>Carntschadalis</strong></span> <span class='ocrx_word' id='word_1_46' title='bbox 897 1884 1119 1966; x_wconf 82' lang='lat' dir='ltr'><strong>Kaoschin.</strong></span> <span class='ocrx_word' id='word_1_47' title='bbox 1177 1879 1334 1968; x_wconf 89' lang='lat' dir='ltr'><strong>Curilis</strong></span> <span class='ocrx_word' id='word_1_48' title='bbox 1361 1882 1567 1967; x_wconf 79' lang='lat' dir='ltr'><strong>Jattacttr.</strong></span> 
     </span>
    </p>

    <p class='ocr_par' dir='ltr' id='par_1_8' title="bbox 420 2029 2116 2898">
     <span class='ocr_line' id='line_1_11' title="bbox 560 2029 2114 2147; baseline 0.004 -31"><span class='ocrx_word' id='word_1_49' title='bbox 560 2037 610 2117; x_wconf 93' lang='lat' dir='ltr'><strong>In</strong></span> <span class='ocrx_word' id='word_1_50' title='bbox 637 2034 785 2118; x_wconf 89' lang='lat' dir='ltr'><strong>Rossia</strong></span> <span class='ocrx_word' id='word_1_51' title='bbox 813 2055 857 2118; x_wconf 90' lang='lat' dir='ltr'><strong>et</strong></span> <span class='ocrx_word' id='word_1_52' title='bbox 883 2031 1038 2117; x_wconf 89' lang='lat' dir='ltr'><strong>Sibiria</strong></span> <span class='ocrx_word' id='word_1_53' title='bbox 1064 2031 1278 2139; x_wconf 84' lang='lat' dir='ltr'><strong>universa,</strong></span> <span class='ocrx_word' id='word_1_54' title='bbox 1315 2063 1444 2147; x_wconf 90' lang='lat' dir='ltr'><strong>usque</strong></span> <span class='ocrx_word' id='word_1_55' title='bbox 1474 2035 1525 2118; x_wconf 91' lang='lat' dir='ltr'><strong>ad</strong></span> <span class='ocrx_word' id='word_1_56' title='bbox 1555 2029 1809 2118; x_wconf 81' lang='lat' dir='ltr'><strong>orientalem</strong></span> <span class='ocrx_word' id='word_1_57' title='bbox 1835 2053 1879 2118; x_wconf 88' lang='lat' dir='ltr'><strong>et</strong></span> <span class='ocrx_word' id='word_1_58' title='bbox 1907 2034 2114 2122; x_wconf 81' lang='lat' dir='ltr'><strong>arcticum</strong></span> 
     </span>
     <span class='ocr_line' id='line_1_12' title="bbox 423 2183 2113 2302; baseline 0.001 -30"><span class='ocrx_word' id='word_1_59' title='bbox 423 2187 643 2272; x_wconf 84' lang='lat' dir='ltr'><strong>Oceanum</strong></span> <span class='ocrx_word' id='word_1_60' title='bbox 672 2185 868 2300; x_wconf 77' lang='lat' dir='ltr'><strong>copiosa3</strong></span> <span class='ocrx_word' id='word_1_61' title='bbox 906 2184 1152 2301; x_wconf 88' lang='lat' dir='ltr'><strong>praesertim</strong></span> <span class='ocrx_word' id='word_1_62' title='bbox 1183 2215 1295 2272; x_wconf 89' lang='lat' dir='ltr'><strong>vere.</strong></span> <span class='ocrx_word' id='word_1_63' title='bbox 1353 2192 1445 2272; x_wconf 88' lang='lat' dir='ltr'><strong>Mas</strong></span> <span class='ocrx_word' id='word_1_64' title='bbox 1474 2183 1758 2270; x_wconf 89' lang='lat' dir='ltr'><strong>incubationis</strong></span> <span class='ocrx_word' id='word_1_65' title='bbox 1785 2207 1995 2302; x_wconf 87' lang='lat' dir='ltr'><strong>tempore,</strong></span> <span class='ocrx_word' id='word_1_66' title='bbox 2026 2189 2113 2274; x_wconf 82' lang='lat' dir='ltr'><strong>foa-</strong></span> 
     </span>
     <span class='ocr_line' id='line_1_13' title="bbox 422 2336 2110 2456; baseline 0.001 -34"><span class='ocrx_word' id='word_1_67' title='bbox 422 2337 540 2427; x_wconf 80' lang='lat' dir='ltr'><strong>mina</strong></span> <span class='ocrx_word' id='word_1_68' title='bbox 567 2336 669 2424; x_wconf 90' lang='lat' dir='ltr'><strong>dein</strong></span> <span class='ocrx_word' id='word_1_69' title='bbox 698 2367 794 2424; x_wconf 90' lang='lat' dir='ltr'><strong>cum</strong></span> <span class='ocrx_word' id='word_1_70' title='bbox 822 2338 1009 2424; x_wconf 88' lang='lat' dir='ltr'><strong>educatis</strong></span> <span class='ocrx_word' id='word_1_71' title='bbox 1037 2337 1179 2454; x_wconf 88' lang='lat' dir='ltr'><strong>pullis,</strong></span> <span class='ocrx_word' id='word_1_72' title='bbox 1210 2337 1464 2424; x_wconf 87' lang='lat' dir='ltr'><strong>vastissimos</strong></span> <span class='ocrx_word' id='word_1_73' title='bbox 1493 2337 1608 2422; x_wconf 91' lang='lat' dir='ltr'><strong>lacus</strong></span> <span class='ocrx_word' id='word_1_74' title='bbox 1635 2357 1679 2420; x_wconf 90' lang='lat' dir='ltr'><strong>et</strong></span> <span class='ocrx_word' id='word_1_75' title='bbox 1707 2336 1919 2426; x_wconf 84' lang='lat' dir='ltr'><strong>maritima</strong></span> <span class='ocrx_word' id='word_1_76' title='bbox 1945 2361 2110 2456; x_wconf 85' lang='lat' dir='ltr'><strong>petunt,</strong></span> 
     </span>
     <span class='ocr_line' id='line_1_14' title="bbox 423 2487 2116 2606; baseline -0.001 -28"><span class='ocrx_word' id='word_1_77' title='bbox 423 2489 599 2578; x_wconf 74' lang='lat' dir='ltr'>desertis</span> <span class='ocrx_word' id='word_1_78' title='bbox 626 2489 871 2578; x_wconf 88' lang='lat' dir='ltr'><strong>fluminibus</strong></span> <span class='ocrx_word' id='word_1_79' title='bbox 898 2513 942 2576; x_wconf 90' lang='lat' dir='ltr'><strong>et</strong></span> <span class='ocrx_word' id='word_1_80' title='bbox 970 2490 1140 2606; x_wconf 85' lang='lat' dir='ltr'><strong>stagnis.</strong></span> <span class='ocrx_word' id='word_1_81' title='bbox 1201 2499 1275 2577; x_wconf 92' lang='lat' dir='ltr'><strong>Est</strong></span> <span class='ocrx_word' id='word_1_82' title='bbox 1297 2519 1353 2574; x_wconf 86' lang='lat' dir='ltr'><strong>ex</strong></span> <span class='ocrx_word' id='word_1_83' title='bbox 1373 2487 1545 2604; x_wconf 87' lang='lat' dir='ltr'><strong>optimis</strong></span> <span class='ocrx_word' id='word_1_84' title='bbox 1573 2489 1881 2594; x_wconf 89' lang='lat' dir='ltr'><strong>urinatricibus,</strong></span> <span class='ocrx_word' id='word_1_85' title='bbox 1912 2491 2116 2606; x_wconf 85' lang='lat' dir='ltr'><strong>piscibus-</strong></span> 
     </span>
     <span class='ocr_line' id='line_1_15' title="bbox 420 2641 2112 2760; baseline 0.001 -31"><span class='ocrx_word' id='word_1_86' title='bbox 420 2673 503 2758; x_wconf 88' lang='lat' dir='ltr'><strong>que</strong></span> <span class='ocrx_word' id='word_1_87' title='bbox 533 2642 707 2734; x_wconf 89' lang='lat' dir='ltr'><strong>minutis</strong></span> <span class='ocrx_word' id='word_1_88' title='bbox 734 2642 980 2759; x_wconf 89' lang='lat' dir='ltr'><strong>praesertim</strong></span> <span class='ocrx_word' id='word_1_89' title='bbox 1007 2643 1203 2742; x_wconf 89' lang='lat' dir='ltr'><strong>nutritur,</strong></span> <span class='ocrx_word' id='word_1_90' title='bbox 1230 2645 1343 2728; x_wconf 90' lang='lat' dir='ltr'><strong>unde</strong></span> <span class='ocrx_word' id='word_1_91' title='bbox 1372 2671 1517 2728; x_wconf 85' lang='lat' dir='ltr'><strong>carnes</strong></span> <span class='ocrx_word' id='word_1_92' title='bbox 1545 2641 1764 2758; x_wconf 84' lang='lat' dir='ltr'>pessimae,</span> <span class='ocrx_word' id='word_1_93' title='bbox 1794 2643 1897 2728; x_wconf 90' lang='lat' dir='ltr'><strong>licet</strong></span> <span class='ocrx_word' id='word_1_94' title='bbox 1926 2641 2112 2760; x_wconf 84' lang='lat' dir='ltr'><strong>pinguis·</strong></span> 
     </span>
     <span class='ocr_line' id='line_1_16' title="bbox 422 2792 2111 2898; baseline -0.002 -10"><span class='ocrx_word' id='word_1_95' title='bbox 422 2795 528 2888; x_wconf 83' lang='lat' dir='ltr'><strong>aima</strong></span> <span class='ocrx_word' id='word_1_96' title='bbox 556 2825 646 2882; x_wconf 86' lang='lat' dir='ltr'><strong>esse</strong></span> <span class='ocrx_word' id='word_1_97' title='bbox 673 2797 820 2882; x_wconf 85' lang='lat' dir='ltr'><strong>soleat.</strong></span> <span class='ocrx_word' id='word_1_98' title='bbox 878 2796 971 2882; x_wconf 82' lang='lat' dir='ltr'><strong>Ono</strong></span> <span class='ocrx_word' id='word_1_99' title='bbox 998 2794 1168 2882; x_wconf 87' lang='lat' dir='ltr'><strong>sordide</strong></span> <span class='ocrx_word' id='word_1_100' title='bbox 1197 2795 1640 2898; x_wconf 66' lang='lat' dir='ltr'><strong>cineraceam-alba,</strong></span> <span class='ocrx_word' id='word_1_101' title='bbox 1671 2792 1743 2880; x_wconf 82' lang='lat' dir='ltr'><strong>axi</strong></span> <span class='ocrx_word' id='word_1_102' title='bbox 1772 2799 1828 2882; x_wconf 83' lang='lat' dir='ltr'><strong>a&#39;&#39;.</strong></span> <span class='ocrx_word' id='word_1_103' title='bbox 1864 2803 1922 2880; x_wconf 81' lang='lat' dir='ltr'><strong>r&#39;&#39;‘.</strong></span> <span class='ocrx_word' id='word_1_104' title='bbox 1951 2797 2111 2884; x_wconf 88' lang='lat' dir='ltr'><strong>diame-</strong></span> 
     </span>
    </p>
   </div>
   <div class='ocr_carea' id='block_1_3' title="bbox 420 2956 669 3038">
    <p class='ocr_par' dir='ltr' id='par_1_9' title="bbox 420 2956 669 3038">
     <span class='ocr_line' id='line_1_17' title="bbox 420 2956 669 3038; baseline -0.008 -2"><span class='ocrx_word' id='word_1_105' title='bbox 420 2970 488 3037; x_wconf 78' lang='lat' dir='ltr'><strong>tro</strong></span> <span class='ocrx_word' id='word_1_106' title='bbox 520 2956 571 3035; x_wconf 86' lang='lat'>1&#39;&#39;.</span> <span class='ocrx_word' id='word_1_107' title='bbox 600 2957 669 3038; x_wconf 83' lang='lat'><em>5&#39;&#39;&#39;.</em></span> 
     </span>
    </p>
   </div>
   <div class='ocr_carea' id='block_1_4' title="bbox 416 3087 2110 3818">
    <p class='ocr_par' dir='ltr' id='par_1_10' title="bbox 416 3087 2110 3818">
     <span class='ocr_line' id='line_1_18' title="bbox 559 3087 2110 3223; baseline 0.002 -36"><span class='ocrx_word' id='word_1_108' title='bbox 559 3103 728 3188; x_wconf 83' lang='lat' dir='ltr'><strong>Descr.</strong></span> <span class='ocrx_word' id='word_1_109' title='bbox 785 3107 882 3190; x_wconf 83' lang='lat' dir='ltr'><strong>Mas</strong></span> <span class='ocrx_word' id='word_1_110' title='bbox 908 3104 1048 3220; x_wconf 89' lang='lat' dir='ltr'><strong>capite</strong></span> <span class='ocrx_word' id='word_1_111' title='bbox 1077 3103 1190 3190; x_wconf 91' lang='lat' dir='ltr'><strong>collo</strong></span> <span class='ocrx_word' id='word_1_112' title='bbox 1220 3125 1265 3188; x_wconf 90' lang='lat' dir='ltr'><strong>et</strong></span> <span class='ocrx_word' id='word_1_113' title='bbox 1291 3133 1415 3220; x_wconf 86' lang='lat' dir='ltr'><strong>prora</strong></span> <span class='ocrx_word' id='word_1_114' title='bbox 1441 3124 1531 3187; x_wconf 86' lang='lat' dir='ltr'><strong>tota</strong></span> <span class='ocrx_word' id='word_1_115' title='bbox 1560 3099 1781 3188; x_wconf 84' lang='lat' dir='ltr'><strong>sterrimis.</strong></span> <span class='ocrx_word' id='word_1_116' title='bbox 1851 3087 1990 3222; x_wconf 76' lang='lat' dir='ltr'><strong>capnt</strong></span> <span class='ocrx_word' id='word_1_117' title='bbox 2017 3106 2110 3223; x_wconf 85' lang='lat' dir='ltr'><strong>pnl-</strong></span> 
     </span>
     <span class='ocr_line' id='line_1_19' title="bbox 420 3251 2108 3375; baseline 0.001 -35"><span class='ocrx_word' id='word_1_118' title='bbox 420 3251 633 3340; x_wconf 88' lang='lat' dir='ltr'><strong>cherrime</strong></span> <span class='ocrx_word' id='word_1_119' title='bbox 674 3251 1136 3358; x_wconf 84' lang='lat' dir='ltr'><strong>violaceo-sericeum,</strong></span> <span class='ocrx_word' id='word_1_120' title='bbox 1196 3265 1321 3341; x_wconf 78' lang='lat' dir='ltr'><strong>crista</strong></span> <span class='ocrx_word' id='word_1_121' title='bbox 1363 3257 1653 3371; x_wconf 87' lang='lat' dir='ltr'><strong>dependente,</strong></span> <span class='ocrx_word' id='word_1_122' title='bbox 1706 3257 1920 3362; x_wconf 89' lang='lat' dir='ltr'><strong>aterrima,</strong></span> <span class='ocrx_word' id='word_1_123' title='bbox 1964 3289 2108 3375; x_wconf 88' lang='lat' dir='ltr'><strong>opaca.</strong></span> 
     </span>
     <span class='ocr_line' id='line_1_20' title="bbox 418 3403 2109 3522; baseline 0.003 -31"><span class='ocrx_word' id='word_1_124' title='bbox 418 3409 551 3493; x_wconf 81' lang='lat' dir='ltr'><strong>irides</strong></span> <span class='ocrx_word' id='word_1_125' title='bbox 576 3411 722 3493; x_wconf 86' lang='lat' dir='ltr'><strong>flavae.</strong></span> <span class='ocrx_word' id='word_1_126' title='bbox 790 3412 973 3494; x_wconf 79' lang='lat' dir='ltr'><strong><em>Dorsum</em></strong></span> <span class='ocrx_word' id='word_1_127' title='bbox 999 3407 1111 3492; x_wconf 88' lang='lat' dir='ltr'><strong>inter</strong></span> <span class='ocrx_word' id='word_1_128' title='bbox 1138 3407 1223 3492; x_wconf 84' lang='lat' dir='ltr'><strong>alas</strong></span> <span class='ocrx_word' id='word_1_129' title='bbox 1261 3407 1449 3522; x_wconf 83' lang='lat' dir='ltr'><strong>nigrum,</strong></span> <span class='ocrx_word' id='word_1_130' title='bbox 1498 3403 1783 3494; x_wconf 81' lang='lat' dir='ltr'><strong>subtilissimis</strong></span> <span class='ocrx_word' id='word_1_131' title='bbox 1812 3408 1962 3494; x_wconf 88' lang='lat' dir='ltr'><strong>atomis</strong></span> <span class='ocrx_word' id='word_1_132' title='bbox 1991 3409 2109 3496; x_wconf 82' lang='lat' dir='ltr'><strong>canis</strong></span> 
     </span>
     <span class='ocr_line' id='line_1_21' title="bbox 418 3559 2109 3676; baseline 0.003 -35"><span class='ocrx_word' id='word_1_133' title='bbox 418 3559 697 3672; x_wconf 87' lang='lat' dir='ltr'><strong>pulveratum.</strong></span> <span class='ocrx_word' id='word_1_134' title='bbox 754 3563 902 3645; x_wconf 81' lang='lat' dir='ltr'><strong>Pectus</strong></span> <span class='ocrx_word' id='word_1_135' title='bbox 930 3581 974 3644; x_wconf 92' lang='lat' dir='ltr'><strong>et</strong></span> <span class='ocrx_word' id='word_1_136' title='bbox 1003 3562 1222 3664; x_wconf 83' lang='lat' dir='ltr'><strong>abdomen,</strong></span> <span class='ocrx_word' id='word_1_137' title='bbox 1258 3564 1483 3673; x_wconf 82' lang='lat' dir='ltr'><strong>fasciaque</strong></span> <span class='ocrx_word' id='word_1_138' title='bbox 1510 3563 1595 3646; x_wconf 86' lang='lat' dir='ltr'><strong>lata</strong></span> <span class='ocrx_word' id='word_1_139' title='bbox 1623 3591 1701 3676; x_wconf 88' lang='lat' dir='ltr'><strong>per</strong></span> <span class='ocrx_word' id='word_1_140' title='bbox 1726 3559 1888 3646; x_wconf 88' lang='lat' dir='ltr'><strong>medias</strong></span> <span class='ocrx_word' id='word_1_141' title='bbox 1915 3560 2109 3676; x_wconf 83' lang='lat' dir='ltr'><strong>remiges,</strong></span> 
     </span>
     <span class='ocr_line' id='line_1_22' title="bbox 416 3707 2106 3818; baseline 0.004 -24"><span class='ocrx_word' id='word_1_142' title='bbox 416 3707 604 3795; x_wconf 83' lang='lat' dir='ltr'><strong>maxime</strong></span> <span class='ocrx_word' id='word_1_143' title='bbox 632 3711 896 3798; x_wconf 88' lang='lat' dir='ltr'><strong>secundarias</strong></span> <span class='ocrx_word' id='word_1_144' title='bbox 925 3715 1072 3811; x_wconf 89' lang='lat' dir='ltr'><strong>ducta,</strong></span> <span class='ocrx_word' id='word_1_145' title='bbox 1105 3742 1202 3797; x_wconf 91' lang='lat' dir='ltr'><strong>cum</strong></span> <span class='ocrx_word' id='word_1_146' title='bbox 1231 3713 1511 3818; x_wconf 89' lang='lat' dir='ltr'><strong>subalaribus,</strong></span> <span class='ocrx_word' id='word_1_147' title='bbox 1554 3713 1662 3798; x_wconf 90' lang='lat' dir='ltr'><strong>alba.</strong></span> <span class='ocrx_word' id='word_1_148' title='bbox 1720 3715 1904 3800; x_wconf 80' lang='lat' dir='ltr'><strong>Crissum</strong></span> <span class='ocrx_word' id='word_1_149' title='bbox 1929 3713 2106 3801; x_wconf 84' lang='lat' dir='ltr'><strong>fuscum.</strong></span> 
     </span>
    </p>
   </div>
   <div class='ocr_carea' id='block_1_5' title="bbox 415 3862 2106 4258">
    <p class='ocr_par' dir='ltr' id='par_1_11' title="bbox 415 3862 2106 4258">
     <span class='ocr_line' id='line_1_23' title="bbox 416 3862 2106 3981; baseline 0.005 -37"><span class='ocrx_word' id='word_1_150' title='bbox 416 3862 611 3948; x_wconf 81' lang='lat' dir='ltr'><strong>Rostrum</strong></span> <span class='ocrx_word' id='word_1_151' title='bbox 638 3885 777 3952; x_wconf 89' lang='lat' dir='ltr'><strong>totum</strong></span> <span class='ocrx_word' id='word_1_152' title='bbox 810 3866 1099 3952; x_wconf 88' lang='lat' dir='ltr'><strong>coerulescens</strong></span> <span class='ocrx_word' id='word_1_153' title='bbox 1135 3895 1274 3981; x_wconf 85' lang='lat' dir='ltr'><strong>ungue</strong></span> <span class='ocrx_word' id='word_1_154' title='bbox 1309 3865 1444 3980; x_wconf 83' lang='lat' dir='ltr'><strong>nigro.</strong></span> <span class='ocrx_word' id='word_1_155' title='bbox 1514 3869 1751 3953; x_wconf 82' lang='lat' dir='ltr'><strong>Foemina</strong></span> <span class='ocrx_word' id='word_1_156' title='bbox 1789 3865 1947 3971; x_wconf 87' lang='lat' dir='ltr'><strong>minor,</strong></span> <span class='ocrx_word' id='word_1_157' title='bbox 1988 3867 2106 3952; x_wconf 80' lang='lat' dir='ltr'><strong>fusco</strong></span> 
     </span>
     <span class='ocr_line' id='line_1_24' title="bbox 415 4011 2105 4138; baseline 0.004 -42"><span class='ocrx_word' id='word_1_158' title='bbox 415 4011 647 4125; x_wconf 84' lang='lat' dir='ltr'><strong>nigricans,</strong></span> <span class='ocrx_word' id='word_1_159' title='bbox 691 4016 835 4103; x_wconf 89' lang='lat' dir='ltr'><strong>limbis</strong></span> <span class='ocrx_word' id='word_1_160' title='bbox 862 4019 1119 4134; x_wconf 87' lang='lat' dir='ltr'><strong>plumarum,</strong></span> <span class='ocrx_word' id='word_1_161' title='bbox 1161 4019 1408 4135; x_wconf 85' lang='lat' dir='ltr'><strong>praesertim</strong></span> <span class='ocrx_word' id='word_1_162' title='bbox 1436 4018 1482 4106; x_wconf 91' lang='lat' dir='ltr'><strong>in</strong></span> <span class='ocrx_word' id='word_1_163' title='bbox 1510 4018 1649 4138; x_wconf 85' lang='lat' dir='ltr'><strong>capite</strong></span> <span class='ocrx_word' id='word_1_164' title='bbox 1676 4039 1720 4106; x_wconf 87' lang='lat' dir='ltr'><strong>et</strong></span> <span class='ocrx_word' id='word_1_165' title='bbox 1748 4018 1866 4136; x_wconf 82' lang='lat' dir='ltr'><strong>gula,</strong></span> <span class='ocrx_word' id='word_1_166' title='bbox 1915 4019 2105 4106; x_wconf 79' lang='lat' dir='ltr'><strong>obsoleta</strong></span> 
     </span>
     <span class='ocr_line' id='line_1_25' title="bbox 415 4165 733 4258; baseline 0.025 -10"><span class='ocrx_word' id='word_1_167' title='bbox 415 4165 733 4258; x_wconf 84' lang='lat' dir='ltr'><strong>rufescentibus.</strong></span> 
     </span>
    </p>
   </div>
   <div class='ocr_carea' id='block_1_6' title="bbox 861 4423 1656 4548">
    <p class='ocr_par' dir='ltr' id='par_1_12' title="bbox 861 4423 1656 4548">
     <span class='ocr_line' id='line_1_26' title="bbox 861 4423 1656 4548; baseline 0.003 -32"><span class='ocrx_word' id='word_1_168' title='bbox 861 4428 978 4544; x_wconf 80' lang='lat'><strong>348.</strong></span> <span class='ocrx_word' id='word_1_169' title='bbox 1059 4423 1275 4516; x_wconf 83' lang='lat' dir='ltr'>ANAS</span> <span class='ocrx_word' id='word_1_170' title='bbox 1355 4427 1656 4548; x_wconf 83' lang='lat' dir='ltr'><strong>Colymbis.</strong></span> 
     </span>
    </p>
   </div>
   <div class='ocr_carea' id='block_1_7' title="bbox 410 4627 2099 5058">
    <p class='ocr_par' dir='ltr' id='par_1_13' title="bbox 410 4627 2099 5058">
     <span class='ocr_line' id='line_1_27' title="bbox 547 4627 2099 4752; baseline 0.003 -35"><span class='ocrx_word' id='word_1_171' title='bbox 547 4637 603 4718; x_wconf 82' lang='lat' dir='ltr'><strong>A.</strong></span> <span class='ocrx_word' id='word_1_172' title='bbox 633 4627 774 4750; x_wconf 88' lang='lat' dir='ltr'><strong>capite</strong></span> <span class='ocrx_word' id='word_1_173' title='bbox 800 4629 1049 4720; x_wconf 84' lang='lat' dir='ltr'><strong>subcristato</strong></span> <span class='ocrx_word' id='word_1_174' title='bbox 1076 4632 1271 4748; x_wconf 89' lang='lat' dir='ltr'><strong>colloque</strong></span> <span class='ocrx_word' id='word_1_175' title='bbox 1298 4631 1451 4750; x_wconf 78' lang='lat' dir='ltr'><strong>nigris,</strong></span> <span class='ocrx_word' id='word_1_176' title='bbox 1480 4633 1590 4721; x_wconf 84' lang='lat' dir='ltr'><strong>facie</strong></span> <span class='ocrx_word' id='word_1_177' title='bbox 1619 4631 1780 4738; x_wconf 84' lang='lat' dir='ltr'><strong>albida,</strong></span> <span class='ocrx_word' id='word_1_178' title='bbox 1808 4654 1979 4750; x_wconf 87' lang='lat' dir='ltr'><strong>pectore</strong></span> <span class='ocrx_word' id='word_1_179' title='bbox 2008 4661 2099 4752; x_wconf 86' lang='lat' dir='ltr'><strong>spe·</strong></span> 
     </span>
     <span class='ocr_line' id='line_1_28' title="bbox 410 4779 1343 4900; baseline -0.008 -30"><span class='ocrx_word' id='word_1_180' title='bbox 410 4783 591 4900; x_wconf 86' lang='lat' dir='ltr'><strong>c&#39;uloque</strong></span> <span class='ocrx_word' id='word_1_181' title='bbox 620 4785 779 4872; x_wconf 86' lang='lat' dir='ltr'><strong>alarum</strong></span> <span class='ocrx_word' id='word_1_182' title='bbox 808 4786 925 4892; x_wconf 90' lang='lat' dir='ltr'><strong>albo,</strong></span> <span class='ocrx_word' id='word_1_183' title='bbox 954 4779 1134 4872; x_wconf 89' lang='lat' dir='ltr'><strong>iridibus</strong></span> <span class='ocrx_word' id='word_1_184' title='bbox 1161 4785 1293 4876; x_wconf 84' lang='lat' dir='ltr'><strong>flavis.</strong></span> <span class='ocrx_word' id='word_1_185' title='bbox 1341 4852 1343 4863; x_wconf 92' lang='lat'><em>.</em></span> 
     </span>
     <span class='ocr_line' id='line_1_29' title="bbox 631 4935 1894 5058; baseline 0.003 -36"><span class='ocrx_word' id='word_1_186' title='bbox 631 4941 748 5022; x_wconf 86' lang='lat' dir='ltr'><strong>Anas</strong></span> <span class='ocrx_word' id='word_1_187' title='bbox 774 4938 970 5056; x_wconf 77' lang='lat' dir='ltr'><strong>Fuligula</strong></span> <span class='ocrx_word' id='word_1_188' title='bbox 991 4935 1133 5058; x_wconf 80' lang='lat' dir='ltr'><strong>prims</strong></span> <span class='ocrx_word' id='word_1_189' title='bbox 1165 4937 1363 5044; x_wconf 86' lang='lat' dir='ltr'><strong>Gesneri,</strong></span> <span class='ocrx_word' id='word_1_190' title='bbox 1413 4944 1585 5032; x_wconf 81' lang='lat' dir='ltr'><strong>Aldrov.</strong></span> <span class='ocrx_word' id='word_1_191' title='bbox 1614 4972 1699 5028; x_wconf 83' lang='lat' dir='ltr'><strong>om.</strong></span> <span class='ocrx_word' id='word_1_192' title='bbox 1729 4974 1771 5056; x_wconf 76' lang='lat' dir='ltr'><strong>p.</strong></span> <span class='ocrx_word' id='word_1_193' title='bbox 1802 4973 1894 5054; x_wconf 72' lang='lat'><strong>227.</strong></span> 
     </span>
    </p>
   </div>
   <div class='ocr_carea' id='block_1_8' title="bbox 0 0 2352 6054">
    <p class='ocr_par' dir='ltr' id='par_1_14' title="bbox 0 0 2352 6054">
     <span class='ocr_line' id='line_1_30' title="bbox 0 0 2352 6054; baseline 0 7"><span class='ocrx_word' id='word_1_194' title='bbox 0 0 2352 6054; x_wconf 95' lang='lat' dir='ltr'><strong> </strong></span> 
     </span>
    </p>
   </div>
  </div>
 </body>
</html>
