4778 6044
367 656 511 745 Rossis
537 655 584 742 in
606 651 907 744 Camtsehatca
934 647 1175 773 Glupysclrci
1204 659 1408 774 (stolida).

374 807 528 896 Curilis
557 839 652 894 curu
682 806 876 922 sequenti
905 813 1221 926 Kajorscbitscb.

398 969 456 1046 Ut
483 959 595 1046 circa
624 963 905 1077 Spitsbergam
933 984 1117 1047 nostram
1146 967 1363 1074 (Grumruu
1390 963 1844 1083 Archangelopolitani
1876 1003 1946 1058 vo·

227 1123 396 1228 cant),
426 1116 487 1200 sic
515 1113 562 1198 in
590 1115 696 1198 mari
724 1114 835 1200 circa
852 1111 1192 1202 Carntsclratcam
1220 1140 1263 1201 et
1290 1116 1446 1204 insulas
1470 1117 1632 1206 Curilas
1662 1141 1786 1234 atque
1815 1125 1943 1208 Aleu-

257 1270 361 1356 ticas
391 1267 586 1353 abundat.
642 1271 683 1351 A
713 1265 868 1354 Curilis
897 1288 1068 1382 quartae
1097 1289 1141 1352 et
1168 1267 1340 1386 quintae
1367 1270 1550 1377 insulae,
1592 1273 1810 1360 Stelle'ro
1840 1277 1945 1359 ref·

258 1445 396 1526 rente,
426 1453 575 1537 magna
602 1418 725 1536 copia
753 1419 974 1536 capiuntur
1002 1441 1046 1503 et'
1074 1423 1127 1506 ad
1155 1423 1288 1506 solem
1316 1408 1548 1526 siccantur,
1576 1426 1818 1512 exstillante
1848 1429 1944 1512 oleo
2054 1493 2061 1508 „

257 1572 556 1689 limpidissimo
583 1572 630 1656 in
658 1570 906 1658 oeconomia
932 1569 1044 1656 utili.
1113 1573 1371 1658 Nidulantur
1397 1575 1567 1692 copiose
1595 1576 1641 1662 in
1669 1578 1837 1693 rupium
1860 1611 1946 1664 ma-

258 1725 441 1811 rinarum
467 1723 712 1829 inaccessis,
750 1727 862 1811 unde
890 1723 937 1807 in
963 1723 1424 1839 praeterremigantium
1453 1728 1622 1844 navigia
1650 1732 1797 1816 crebro
1826 1729 1946 1816 invo·
1985 1843 1988 1850 Ι

135 1926 142 1940 =
259 1879 374 1977 lant,
413 1900 460 1964 ut
500 1875 637 1963 contis
677 1875 821 1968 occidi
861 1875 1050 1992 possint,
1089 1907 1224 1994 eoque
1259 1876 1505 1964 stoliditatis
1534 1883 1688 1965 famam
1717 1904 1762 1966 et
1789 1911 1945 1968 nomen

257 2025 404 2116 nactae
432 2052 540 2114 sunt.

395 2185 564 2268 Descr.
593 2187 642 2268 ln
669 2177 971 2298 speciminibus
1001 2178 1351 2285 Camtschaticis,
1394 2213 1499 2298 quae
1540 2186 1716 2272 tractavi
1728 2247 1743 2287 ,
1788 2193 1945 2300 magni·
2050 2193 2055 2204 '

260 2337 359 2424 nido
388 2357 432 2419 et
459 2329 592 2420 forma
620 2359 798 2440 exacte,
826 2358 872 2419 ut
898 2334 945 2418 in
974 2365 1050 2423 ave
1079 2333 1468 2452 septentrionalium
1486 2345 1696 2456 Europae.
1752 2342 1946 2424 Rostrum

258 2490 460 2607 pedesque
489 2485 535 2570 in
563 2485 686 2574 siccis
714 2488 833 2574 flava.
904 2491 1028 2573 Color
1066 2489 1317 2603 plerumque
1361 2489 1486 2601 longe
1515 2493 1755 2594 obscurior,
1800 2493 1945 2575 subtus

257 2667 405 2744 canus,
460 2669 582 2755 supra
621 2639 754 2723 ferme
795 2641 945 2725 fuscus.
1042 2639 1184 2724 Limbi
1226 2640 1462 2756 plumarum
1504 2642 1943 2757 grymo-albicantes.

254 2797 458 2880 Rectrices
491 2827 551 2876 ιη.
581 2793 875 2904 subaequales,
904 2791 1071 2909 aliquae
1099 2790 1146 2876 in
1175 2790 1319 2876 medio
1349 2792 1468 2907 apice
1496 2793 1683 2910 pallidae
1713 2795 1778 2910 (in
1808 2798 1944 2909 junio·

254 2943 404 3055 ribus).
487 2941 660 3029 Adultis
702 2945 838 3028 cauda
879 2973 996 3030 cana.
1083 2947 1244 3056 Unguis
1298 2944 1484 3058 poeticus
1524 2945 1701 3052 sessilis,
1757 2948 1943 3034 coricus.

256 3099 450 3182 Mensura
479 3095 649 3182 circiter
682 3129 695 3178 r
728 3096 849 3213 pedis
878 3127 976 3182 curn
1003 3095 1161 3212 pollice
1176 3131 1190 3191 ,-
1232 3097 1389 3180 caudae
1417 3104 1475 3202 4”.
1506 3101 1574 3185 6”’.
1605 3102 1658 3185 ad
1687 3102 1755 3208 9‘''.
1785 3101 1945 3189 alarum

257 3251 382 3334 ulnae
417 3256 500 3331 rr''.
530 3249 584 3332 ad
617 3251 714 3338 υἷ’.
796 3255 931 3332 Datur
958 3248 1088 3333 etiam
1115 3247 1162 3332 in
1191 3246 1296 3330 mar-i
1323 3247 1626 3336 camtschatico
1652 3261 1831 3338 variatos
1859 3281 1942 3335 ma·

257 3399 320 3516 gis
348 3429 452 3485 cana
480 3421 524 3483 et
552 3401 604 3484 ad
645 3407 882 3516 Europaeas
923 3403 1155 3502 accedens3
1209 3399 1298 3484 imo
1340 3401 1586 3487 observante
1616 3406 1784 3490 Stellero
1813 3401 1944 3486 etiam

255 3553 479 3640 albidiores
515 3555 720 3668 quaedam
761 3577 996 3640 occurrunt.
1078 3553 1421 3640 Groenlandicom
1460 3553 1566 3639 olim
1610 3554 1671 3640 sic
1712 3552 1944 3670 descripsi:

255 3706 499 3819 magnitudo
526 3703 634 3788 infra
662 3703 946 3802 Boschadem3
978 3729 1068 3792 tota
1096 3705 1454 3820 cano-plumbea,
1484 3703 1531 3790 in
1559 3707 1683 3791 dorso
1711 3705 1943 3806 saturatiuse

256 3859 416 3942 collum
443 3857 576 3970 magis
604 3883 853 3956 canescens3
908 3861 1051 3942 subtus
1079 3887 1257 3972 gryseo·
1274 3886 1391 3940 cana.
1473 3858 1662 3970 Remiges
1689 3855 1943 3970 nigrescunt.

257 4011 407 4096 Caudo
433 4008 587 4094 leviter
613 4011 833 4095 rotundata
847 4043 860 4110 ;
908 4017 1096 4095 rectrices
1130 4025 1191 4112 14,
1220 4035 1363 4090 canae.
1419 4009 1563 4090 Tubus
1590 4016 1749 4090 uarium
1777 4009 1944 4122 deprsrr

258 4191 346 4266 sus,
377 4163 572 4268 adnatus,
600 4184 716 4249 costa
745 4159 1043 4276 longitudinali
1072 4163 1256 4260 elevata,
1288 4155 1425 4241 antice
1453 4179 1665 4242 truncatus
1693 4179 1800 4244 caet.

340 4327 384 4420 β.
402 4318 654 4402 Varietatem
693 4313 840 4430 accepi
877 4315 1037 4420 albam,
1099 4317 1223 4400 dorso
1251 4312 1681 4410 fusco-canescente,
1735 4308 1942 4426 uropygio

260 4495 358 4552 cum
392 4469 638 4555 rectricibus
682 4497 811 4570 canoa
865 4467 1091 4583 remigibus
1131 4461 1384 4585 primoribus
1425 4461 1556 4577 magis
1597 4461 1944 4581 nigrescentibus,
2072 4491 2074 4496 ·

261 4615 487 4712 introrsum
513 4643 656 4712 tamen
684 4621 803 4712 albis.
