4696 6054
1003 465 1177 526 :ne-
1848 468 1936 554 aaa

355 661 520 752 Tatnris
547 663 647 750 Krisa
703 656 1013 752 Tschuraschis
1043 665 1153 778 ijor
1165 727 1179 770 ,
1211 665 1339 756 char.

359 815 606 906 Morduanis
633 817 779 912 Musis
830 813 1154 904 Tscheremissis
1181 820 1347 905 Komba
1362 853 1375 916 ‚·
1415 815 1606 904 Votiacis
1634 822 1941 920 Sscbuclschebr

326 1025 335 1034 -
411 968 590 1083 Vogulis
617 969 792 1064 suma,-
834 965 1017 1070 Ostiacis
1044 972 1175 1077 Lont,
1226 970 1644 1090 Pumpocolieusibus
1673 977 1833 1080 Cham3
1875 982 1941 1072 In·

412 1121 705 1209 bazkiensibus
738 1123 852 1212 Tem.

352 1274 526 1362 Assanis
558 1297 603 1360 et
632 1274 833 1364 Kotovzis
859 1277 1061 1374 Scbclm03
1088 1275 1259 1363 Arionis
1285 1280 1397 1368 Sum.

359 1427 572 1546 Mongolis
600 1430 720 1513 Gaze.
776 1427 1015 1516 Calmuccis
1044 1433 1192 1518 Galea.
1970 1517 1973 1526 Δ

354 1581 589 1698 Samojedis
618 1583 671 1668 ad
697 1577 907 1669 leuisoam
933 1584 1043 1668 Jertu
1070 1585 1140 1668 rel
1167 1557 1353 1702 Djotto,
1386 1586 1439 1671 ad
1466 1592 1618 1674 Katam
1650 1588 1790 1676 Toeltu
1805 1623 1820 1688 ‚·
1862 1588 1940 1678 Ca-

408 1732 664 1824 maschinzis
691 1737 877 1864 Tusciam
906 1734 1141 1852 Caragassis
1169 1741 1307 1836 Gboi‚·
1336 1738 1525 1834 Coibalis
1559 1743 1692 1828 Taose

350 1887 559 2005 Tungusis
585 1890 837 2002 Nuagnu'lris
864 1889 1052 1981 Lamotis
1078 1885 1230 1994 Arbus.
1286 1892 1498 2008 Jukagiris
1524 1895 1760 1985 Landzcta

350 2033 549 2132 Coraecis
577 2045 777 2130 Heitoait.
834 2040 1170 2132 Camtschadalis
1197 2047 1351 2133 Ksrldc.

352 2195 508 2284 Curilis
538 2197 708 2312 Kuitup.
762 2196 1069 2312 Japonensibus
1086 2197 1201 2284 'Gora

377 2356 457 2438 Per
483 2321 654 2438 ornnem
680 2346 898 2448 Rossiam,
924 2346 1153 2465 praecipue
1179 2379 1282 2438 vero
1308 2351 1510 2444 Sibiriarn
1536 2378 1652 2446 trans
1665 2405 1679 2423 ·
1692 2361 1935 2457 uralenseru

229 2527 373 2594 totam
407 2501 718 2624 copiosissimi,
771 2501 912 2621 primo
947 2531 1046 2588 vere
1073 2502 1274 2620 gregibus
1297 2481 1427 2624 saepe¹
1449 2510 1704 2596 centenariis
1733 2513 1936 2598 advolant

234 2662 293 2746 ab
333 2659 555 2746 occidente
596 2655 783 2766 aestivo,
835 2657 882 2744 in
919 2656 1095 2756 Rossia,
1151 2659 1204 2744 ab
1242 2657 1411 2746 oriente
1441 2661 1490 2748 in
1526 2660 1686 2760 Sibiria
1720 2661 1934 2770 orientali,

237 2811 377 2899 aciem
403 2813 450 2898 in·
469 2780 658 2900 'cuneum
686 2841 760 2896 seu
786 2809 1103 2896 lambdoideam
1132 2813 1306 2926 figuram
1333 2813 1617 2918 instruentes;
1671 2812 1861 2900 Primum
1888 2816 1936 2904 in

236 2965 560 3082 temperatiores
600 2963 848 3051 latitudines
888 2966 1177 3071 descendunt,
1218 2965 1294 3052 ubi
1335 2997 1504 3084 caespes
1543 2973 1630 3081 jam
1656 2965 1767 3058 viret
1794 2970 1935 3056 donec

237 3147 292 3208 ve
320 3119 367 3204 in
394 3117 635 3206 borealibus
661 3117 875 3206 consistat.
946 3119 1062 3204 Dein
1090 3119 1222 3234 aliqui
1249 3120 1296 3206 in
1322 3120 1594 3238 temperatis,
1633 3121 1772 3206 minus
1799 3153 1934 3238 popu·

237 3265 370 3379 losis,
414 3271 579 3390 aquosis
608 3269 865 3376 consistunt,
917 3273 1103 3360 maxima
1131 3304 1233 3362 vero
1260 3277 1383 3360 turbo
1410 3273 1759 3392 septentrionales
1787 3273 1934 3390 plagas

233 3449 410 3545 petunt,
437 3428 551 3510 unde
579 3427 699 3543 prole
728 3446 772 3510 et
797 3425 1060 3540 plumatioue
1087 3428 1276 3543 perfecta
1303 3449 1503 3514 autumno
1529 3429 1731 3533 redeunt,
1775 3451 1942 3516 austra·
1986 3459 1989 3466 ·

134 3553 148 3574 ⁹
235 3581 346 3667 liora
380 3601 499 3697 prata
535 3599 579 3666 et
617 3609 716 3666 arva
754 3581 1057 3696 depascuntur,
1109 3580 1158 3668 in
1184 3581 1432 3670 cultioribus
1460 3580 1706 3696 regionibus
1732 3609 1933 3700 magnum

236 3763 362 3851 saepe
389 3736 589 3821 damnum
618 3730 727 3848 agris
754 3730 983 3818 inferentes
1012 3758 1057 3821 et
1083 3737 1279 3832 tandem,
1319 3731 1543 3849 ingruente
1570 3731 1762 3850 hyeme,
1802 3734 1933 3823 colle·

236 3887 320 3976 ctis
350 3886 586 4003 agminibtm
614 3888 783 3972 abeunt.
841 3888 884 3972 V
878 3918 943 3974 ere
972 3909 1197 4000 antequam
1224 3887 1447 4006 perperis
1474 3909 1755 4003 sparguntur,
1795 3913 1936 3972 mares

236 4071 317 4160 pro
351 4035 556 4129 foer'ninio
594 4061 796 4156 pugnent.
865 4037 1117 4154 Plerumque
1146 4069 1270 4127 mane
1298 4040 1346 4128 in
1385 4072 1540 4157 pascua
1564 4039 1764 4144 evolant,
1817 4036 1932 4124 circa

236 4192 465 4280 meridiem
493 4223 620 4311 aquas
648 4213 824 4309 petunt3
873 4191 978 4279 hinc
1005 4195 1145 4280 denuo
1171 4197 1350 4280 redeunt
1379 4197 1432 4280 ad
1460 4223 1615 4310 pascua
1627 4253 1645 4292 ,
1679 4213 1934 4329 pernoctant

237 4345 287 4432 in
312 4347 485 4434 lacubus
514 4369 558 4432 et
584 4345 824 4462 paludibus.
881 4349 1124 4463 Pleraeque,
1153 4347 1258 4433 dum
1283 4347 1447 4463 plumas
1476 4367 1666 4445 mutant,
1699 4343 1930 4462 remigibus

238 4502 328 4586 lere
355 4499 551 4587 omnibus
578 4499 705 4586 simul
733 4500 918 4602 amissis,
959 4501 1184 4619 impennes
1207 4503 1294 4588 lere
1321 4503 1453 4607 fiunt,
1491 4501 1555 4592 ita
1583 4521 1636 4588 ut
1658 4496 1837 4590 fustibus
1863 4523 1932 4584 oc·

236 4651 330 4740 cidi
357 4651 545 4770 possint;
575 4655 687 4740 uude
713 4677 815 4740 tunc
844 4653 1119 4742 solitudinem
1145 4654 1332 4744 maxime
1360 4676 1596 4771 quaerunt,
1621 4682 1701 4746 nec
1731 4653 1784 4759 ab
1813 4648 1934 4766 aquis

236 4805 366 4920 longe
395 4809 613 4894 recedunt.
670 4814 901 4894 Pascuntur
927 4807 1153 4926 Equisetis‚
1182 4807 1444 4925 Hippuride,
1472 4804 1650 4912 Caltha,
1686 4802 1930 4920 Polygonis,

233 4959 469 5076 multisque
497 4961 592 5047 aliis
622 4959 765 5050 herbis
791 4981 838 5048 et
865 4960 1121 5076 graminibus
1151 4961 1430 5066 molliqribus.
1486 4963 1736 5082 Hybernaut
1763 4954 1932 5076 aliquae
