4696 6054
1016 437 1168 494 ΕΞ
1835 423 1926 528 aas
2025 407 2032 418 ’

241 653 431 761 rumque'
445 637 563 756 alibi,
592 641 667 731 sed
693 636 900 728 instinctu
924 638 1109 754 quodam
1139 667 1261 756 supra
1289 637 1437 728 salices
1466 665 1512 730 et
1537 644 1720 762 populos
1742 637 1933 734 humiles

238 799 428 888 condunt
454 795 602 900 nidos,
632 826 685 882 ne
715 795 956 882 exundante
983 813 1130 910 postea
1155 791 1339 878 fluminis
1366 826 1473 911 aqua
1501 800 1834 912 submergantur.

379 952 492 1040 Not.
534 954 671 1034 Anser
697 950 808 1034 serus
838 979 862 1030 a
889 948 1122 1030 Friscbio
1152 947 1256 1055 (tab.
1297 957 1409 1061 155.)
1438 947 1697 1056 delineatur,
1728 950 1930 1036 convenit

237 1135 335 1194 eum
375 1101 542 1219 specie,
582 1131 708 1214 quam
749 1109 923 1186 amicire.
964 1101 1194 1183 Pennant
1232 1103 1307 1184 sub
1347 1100 1518 1186 nomine
1553 1107 1857 1216 Boon-goose,
1905 1134 1931 1188 a

239 1255 387 1370 majori
418 1253 581 1368 vulgari
607 1250 843 1368 distinguit;
873 1252 943 1337 cui
971 1273 1149 1338 rostrum
1176 1252 1355 1368 nigrum,
1385 1257 1550 1340 macula
1571 1271 1720 1342 'versus
1743 1283 1931 1368 unguem

237 1431 468 1494 transversa
496 1405 723 1504 coccinea,
771 1405 903 1491 irides
927 1407 1141 1521 pedesque
1169 1404 1310 1505 rubri,
1360 1437 1552 1522 quaeque
1578 1407 1626 1492 in
1653 1407 1811 1523 Anglia
1843 1438 1931 1496 non

239 1557 466 1646 nidulatur.
535 1562 727 1644 Eandem
753 1556 987 1642 delineavit
1015 1559 1345 1644 D’oubenton
1372 1559 1541 1675 (pietur.
1569 1592 1611 1646 n.
1639 1569 1768 1674 965.).
1811 1569 1930 1648 Hane

236 1711 353 1798 inter
392 1733 597 1798 nostrates
636 1741 715 1796 nec
755 1741 859 1826 ego,
916 1739 997 1797 nec
1035 1739 1319 1826 praecessores
1361 1713 1646 1826 observarunt.
1732 1713 1928 1828 Vngaris

237 1863 463 1978 spontanei
490 1863 662 1948 Anseris
689 1893 823 1950 mares
852 1863 1163 1978 distinguuntur
1191 1859 1368 1950 maculis
1391 1861 1562 1951 doliatis
1581 1863 1712 1981 nigris
1731 1865 1931 1984 pectoris,

238 2037 288 2112 et
315 2015 606 2132 magnitudine
634 2016 930 2105 eminentiore.

639 2281 753 2366 321.
836 2269 1106 2362 ANSER
1178 2271 1531 2392 erythropus.

378 2481 435 2568 A.
464 2499 596 2565 rostro
623 2478 890 2596 pedibusque
918 2477 1080 2583 rubris,
1111 2507 1287 2594 corpore
1316 2480 1459 2577 fusco,
1483 2479 1621 2562 fronte
1650 2477 1761 2564 alba.

459 2633 597 2717 Anser
622 2630 897 2731 ridibundus‚
951 2630 1144 2717 Edward.
1175 2663 1241 2716 av.
1269 2633 1325 2715 H.
1356 2663 1397 2746 p.
1425 2649 1464 2714 et
1492 2629 1578 2714 tab.
1617 2643 1706 2717 153.
1936 2745 1941 2754 1

457 2781 595 2876 Anser
635 2782 860 2889 albifrons,
916 2785 1039 2868 Penta.
1082 2783 1201 2868 Zool.
1242 2783 1336 2868 brit.
1363 2815 1404 2893 p.
1440 2779 1754 2898 15001ab.Q1.
1806 2783 1930 2878 Zool.

443 2981 447 2986 ·
514 2957 618 3024 oret.
645 2941 702 3022 Π.
732 2971 773 3051 p.
803 2948 897 3042 548.
931 2969 971 3022 n.
1000 2948 1097 3045 476·
1126 2965 1166 3020 rt.
1197 2968 1262 3020 aa.

460 3092 575 3175 Anas
604 3086 882 3204 erythropus‚
940 3093 1030 3173 Lin.
1059 3106 1166 3199 syst.
1192 3089 1290 3170 XII.
1318 3089 1353 3171 Ι.
1383 3120 1424 3201 ρ.
1458 3119 1548 3196 ¹97·
1576 3119 1639 3204 sp.
1676 3123 1737 3174 ιι.

351 3241 526 3330 Rossice
553 3245 767 3344 Kosarka,
819 3240 866 3326 in
893 3239 1050 3326 Sibiria
1077 3237 1303 3325 remotiore
1334 3239 1612 3352 Tschugaibo.
1687 3241 1933 3334 Malorossis

407 3398 622 3508 Garkavyi
648 3396 734 3481 Gus
761 3396 912 3480 batbus
937 3396 1088 3478 Anser.

349 3547 505 3636 Jacutis
545 3579 570 3632 a
607 3575 711 3632 voce
747 3545 862 3631 inter
902 3543 1131 3630 volandum
1172 3539 1439 3630 exaudienda
1484 3546 1689 3667 Lugluja,
1741 3547 1935 3666 itemquo

413 3701 729 3788 Chen-chalda
785 3695 1027 3784 Baschlriris
1055 3699 1300 3782 Korn-bos.

353 3852 566 3968 Mongolis
618 3851 804 3938 Atscbin.
889 3847 1141 3938 Calmuccis.
1177 3849 1639 3938 Scrutabitur-Galim.
1723 3851 1932 3966 Tungusis

409 4011 587 4120 Iloeglir
616 4003 802 4090 Lamutis
829 4007 1029 4089 Karbala.

350 4156 538 4273 Vogulis,
557 4159 681 4242 Loek.
747 4127 930 4242 Ostiacis
958 4158 1013 4241 ad
1040 4157 1191 4269 Surgut
1217 4177 1261 4240 et
1289 4153 1394 4239 Irtin
1422 4157 1657 4240 Kinisssem
1685 4150 1736 4267 (i.
1764 4181 1804 4242 e.
1833 4181 1930 4242 ocu·

409 4311 474 4396 lus
504 4306 836 4424 acipenserinus)
865 4330 910 4394 et
935 4312 1122 4396 Ai·Lont
1150 4306 1198 4420 (i.
1227 4337 1265 4394 e.
1294 4337 1446 4423 parvus
1473 4310 1644 4418 Anser).

357 4463 589 4578 Samojedis
615 4465 816 4577 Singarae.

357 4613 693 4707 Camtschadalis
721 4619 911 4702 Keirescb
938 4614 1008 4699 vel
1035 4614 1219 4700 Keraia.

386 4766 544 4856 Martio
573 4797 716 4853 mense
743 4769 972 4856 secundum
1009 4765 1349 4883 Septentrionem
1378 4765 1622 4850 advolantes
1650 4793 1791 4850 versus
1817 4763 1934 4880 topi·-

241 4927 320 5016 das
347 4921 542 5040 regiones
580 4919 843 5008 australiores
875 4920 1060 5038 primum
1093 4918 1334 5029 declinant,
1386 4919 1610 5012 fluviorum
1637 4916 1822 5006 maxime
1851 4937 1932 5002 tra-

1437 5103 1488 5180 ²9
