4770 6042
1020 445 1170 502 Ε

642 663 757 790 193.
856 664 1211 808 PAss'Ett
1298 677 1550 780 Linurio.

386 953 432 1035 P.
462 974 611 1063 gryseo
628 1001 645 1015 -
661 975 886 1036 canescens
915 951 1113 1067 fuscoque
1141 948 1337 1052 liturata,
1388 956 1507 1074 pileo
1535 963 1795 1069 ruberrimo,
1845 969 1944 1082 gula

241 1129 380 1215 mgra.

457 1251 636 1340 *Linaria
664 1258 787 1341 rubra
814 1255 954 1342 minor
983 1280 1222 1366 auctorum,
1271 1263 1494 1378 Willuglrb.
1529 1297 1613 1352 orn.
1642 1301 1684 1384 p.
1721 1301 1810 1377 191.
1849 1273 1942 1390 Roj.

518 1438 583 1492 ov.
614 1441 653 1522 p.
684 1444 750 1516 9¹·
780 1441 820 1494 n.
850 1425 889 1498 3.
947 1381 1100 1496 Frisclr.
1137 1445 1204 1499 ou.
1240 1418 1275 1502 I.
1313 1439 1408 1504 sect.
1446 1433 1485 1505 3.
1514 1419 1597 1505 tob.
1633 1431 1695 1505 ιὀ.
1712 1425 1797 1537 fig
1829 1436 1868 1510 3.
1897 1441 1939 1528 4.

522 1563 704 1646 Brisson.
735 1591 819 1646 om.
848 1567 925 1646 ΙΙΙ.
957 1597 995 1680 p.
1030 1577 1116 1650 138.

462 1714 677 1828 Redpols,
704 1715 845 1800 Albin.
877 1748 942 1800 av.
970 1719 1048 1799 ΙΙΙ.
1079 1720 1164 1802 tob.
1196 1733 1263 1831 75.
1293 1749 1381 1806 mas
1409 1743 1455 1808 et
1482 1723 1684 1814 foemina.

468 1870 529 1948 Le
560 1867 768 1952 Cabaret.
796 1868 1014 1954 D’aubent.
1043 1879 1140 1986 pict.
1169 1875 1255 1957 tab.
1282 1887 1378 1977 485.
1396 1879 1483 1989 fig.
1517 1907 1556 1961 a.

461 2016 667 2132 Fringilla
697 2019 891 2122 Linaria,
921 2025 1012 2106 Lin.
1041 2045 1149 2135 syst.
1179 2027 1277 2110 ΧΠ.
1308 2058 1350 2141 p.
1380 2041 1474 2112 322.
1503 2062 1566 2146 sp.
1599 2063 1665 2139 29.
1725 2109 1727 2114 ,

312 2211 317 2220 ·
351 2169 526 2258 Rossice
559 2172 902 2277 Tsclretsclrotlra,
938 2176 1197 2265 Tsclretsclzet
1223 2178 1295 2262 vel
1328 2179 1596 2267 Tacitoali.-

348 2318 514 2410 Tataris
541 2329 652 2409 Kaira
666 2325 822 2412 ·bosch
849 2347 893 2410 et
920 2315 1063 2412 Kentir
1077 2380 1091 2393 ·
1105 2337 1253 2442 tsigdn.

358 2461 697 2566 Camtschadalis
723 2483 1172 2598 Etscheruotschdtsch5
1198 2481 1375 2568 Ukinzis
1403 2489 1681 2574 Eltsclratsclr.

375 2637 455 2716 Per
497 2647 668 2717 omnem
709 2630 900 2716 Rossiam
942 2653 987 2716 et
1026 2631 1225 2720 Sibiriam
1266 2634 1457 2722 omnium
1485 2637 1611 2724 facile
1641 2637 1933 2758 copiosissima
2043 2632 2049 2640 ¹

235 2785 304 2874 sui
332 2783 497 2900 generis
526 2785 716 2887 avicula,
759 2781 917 2898 hyeme
953 2784 1160 2901 gregatim
1196 2788 1309 2884 circa
1348 2818 1476 2906 pagos
1505 2813 1550 2876 et
1576 2788 1729 2879 horrea
1756 2794 1933 2902 vivens,

236 2965 364 3042 vere,
392 2959 583 3054 tempore
613 2936 743 3022 oestri
769 2941 1018 3050 ingruente,
1049 2939 1299 3024 millenariis
1327 2943 1476 3028 turmis
1507 2913 1820 3058 conglomerata
1856 2947 1934 3034 mi·

236 3115 358 3208 grat,
393 3089 678 3208 pinguissima.
738 3086 896 3202 Incipit
924 3089 1085 3205 prurire
1116 3090 1297 3197 Martio,
1342 3092 1519 3181 tumidis
1547 3116 1647 3182 tunc
1675 3099 1934 3211 genitalibus

237 3244 416 3359 organis.
487 3241 705 3358 Petropoli
731 3239 777 3325 in
805 3241 896 3328 foro
925 3240 1095 3356 copiose
1130 3263 1291 3360 prostat
1318 3267 1362 3329 et
1389 3246 1435 3329 in
1464 3243 1563 3331 cibo
1592 3225 1843 3351 adhibetor,
1886 3281 1934 3336 e·

237 3397 429 3513 gregium
457 3395 540 3480 nisi
568 3417 740 3510 propter
768 3391 1020 3509 parvitatem
1047 3395 1266 3481 ferculum.
1327 3403 1377 3480 In
1406 3397 1605 3505 Dauuria,
1635 3399 1712 3486 ubi
1738 3402 1929 3515 frequen·

234 3549 449 3654 tissimae,
496 3515 701 3664 'dissipe
728 3570 820 3634 toto
849 3577 1024 3662 corpore
1052 3549 1200 3663 pulcro
1242 3550 1393 3633 rubore
1435 3551 1654 3663 perfusae,
1708 3553 1930 3640 observavi

238 3701 486 3789 varietatem
523 3707 857 3815 nigrescentem,
914 3723 1047 3785 rostro
1081 3697 1364 3816 productiore.
1435 3704 1541 3788 Stel
1548 3711 1684 3790 leros
1726 3705 1857 3790 etiam
1883 3703 1931 3790 in

237 3853 533 3940 Camtschatca
560 3880 605 3941 et
642 3853 798 3944 Curilis
835 3850 984 3940 insulis
1012 3849 1224 3936 Lirrariam
1264 3855 1475 3937 abundare
1504 3851 1694 3972 reliquit.
1765 3863 1830 3940 Ex
1859 3863 1931 3941 In-

238 4007 330 4092 sula
357 4010 550 4111 Kodr'elr,
581 4007 800 4094 Americae
829 4005 1026 4120 contigua
1055 4002 1193 4091 habeo
1221 4003 1473 4090 varietatem
1501 4005 1684 4093 sibiricis
1714 4007 1928 4109 similem,

237 4189 363 4276 supra
389 4161 528 4246 minus
556 4184 878 4266 canescentem,
907 4161 1021 4245 collo
1049 4181 1094 4243 et
1119 4181 1292 4274 pectore
1321 4155 1487 4250 intense
1516 4157 1807 4259 cinnabareis3
1837 4185 1927 4242 ver-

238 4311 326 4400 tice
354 4317 529 4400 obscure
556 4316 695 4399 rubro.

379 4471 545 4554 Descr.
574 4465 822 4570 Aviculam,
856 4465 959 4551 licet
987 4465 1225 4579 vulgarem,
1252 4460 1471 4568 describo,
1499 4464 1598 4580 quia
1624 4461 1739 4548 inter
1763 4483 1928 4548 tantum

235 4651 460 4708 numerum
501 4644 545 4705 et
580 4620 627 4705 in
662 4618 973 4734 perfectissimo
1017 4616 1167 4704 habitu
1207 4619 1471 4702 observatam
1518 4615 1669 4702 melius
1696 4614 1804 4699 forte
1834 4613 1929 4700 aliis

235 4771 535 4889 Ornithologis
575 4795 719 4858 notam
749 4774 901 4858 habeo·
958 4773 1206 4886 Magnitudo
1236 4768 1370 4885 Spini.
1446 4772 1638 4855 Rostrum
1665 4766 1833 4852 sordide
1862 4767 1929 4852 lu·

233 4948 386 5029 teum,
440 4957 561 5045 supra
601 4925 793 5044 infraque
836 4923 1201 5044 longitudinaliter
1238 4945 1284 5010 et
1321 4921 1441 5039 apice
1470 4923 1652 5008 fuscum.
1721 4923 1763 5010 V
1760 4921 1929 5008 ibrissw

1461 5089 1520 5180 4„
