<?xml version="1.0" encoding="UTF-8"?>
<!DOCTYPE html PUBLIC "-//W3C//DTD XHTML 1.0 Transitional//EN"
    "http://www.w3.org/TR/xhtml1/DTD/xhtml1-transitional.dtd">
<html xmlns="http://www.w3.org/1999/xhtml" xml:lang="en" lang="en">
 <head>
  <title>
</title>
<meta http-equiv="Content-Type" content="text/html;charset=utf-8" />
  <meta name='ocr-system' content='tesseract 3.04.00' />
  <meta name='ocr-capabilities' content='ocr_page ocr_carea ocr_par ocr_line ocrx_word'/>
</head>
<body>
  <div class='ocr_page' id='page_1' title='image "./zoographiarosso02pallgoog_0268.png"; bbox 0 0 4696 6054; ppageno 0'>
   <div class='ocr_carea' id='block_1_1' title="bbox 995 471 1905 610">
    <p class='ocr_par' dir='ltr' id='par_1_1' title="bbox 995 471 1905 610">
     <span class='ocr_line' id='line_1_1' title="bbox 995 471 1905 610; baseline -0.008 -12"><span class='ocrx_word' id='word_1_1' title='bbox 995 499 1140 561; x_wconf 56' lang='grc' dir='ltr'><strong>ΕΞ</strong></span> <span class='ocrx_word' id='word_1_2' title='bbox 1184 471 1188 478; x_wconf 75' lang='grc'><strong>’</strong></span> <span class='ocrx_word' id='word_1_3' title='bbox 1697 577 1713 610; x_wconf 71' lang='grc'><em>,</em></span> <span class='ocrx_word' id='word_1_4' title='bbox 1817 501 1905 592; x_wconf 70' lang='lat' dir='ltr'><strong>aaa</strong></span> 
     </span>
    </p>
   </div>
   <div class='ocr_carea' id='block_1_2' title="bbox 216 687 1919 3581">
    <p class='ocr_par' dir='ltr' id='par_1_2' title="bbox 216 687 1910 1436">
     <span class='ocr_line' id='line_1_2' title="bbox 223 687 1910 830; baseline 0.002 -34"><span class='ocrx_word' id='word_1_5' title='bbox 223 712 297 798; x_wconf 84' lang='lat' dir='ltr'><strong>sed</strong></span> <span class='ocrx_word' id='word_1_6' title='bbox 337 734 431 795; x_wconf 86' lang='lat' dir='ltr'><strong>raro</strong></span> <span class='ocrx_word' id='word_1_7' title='bbox 472 703 581 792; x_wconf 84' lang='lat' dir='ltr'><strong>ultra</strong></span> <span class='ocrx_word' id='word_1_8' title='bbox 616 701 799 824; x_wconf 85' lang='lat' dir='ltr'><strong>primam</strong></span> <span class='ocrx_word' id='word_1_9' title='bbox 834 699 1038 821; x_wconf 86' lang='lat' dir='ltr'>hyemem</span> <span class='ocrx_word' id='word_1_10' title='bbox 1066 701 1217 796; x_wconf 80' lang='lat' dir='ltr'><strong>vivunt</strong></span> <span class='ocrx_word' id='word_1_11' title='bbox 1245 729 1289 794; x_wconf 86' lang='lat' dir='ltr'><strong>et</strong></span> <span class='ocrx_word' id='word_1_12' title='bbox 1318 687 1682 824; x_wconf 83' lang='lat' dir='ltr'><strong>adpropinquante</strong></span> <span class='ocrx_word' id='word_1_13' title='bbox 1709 739 1809 798; x_wconf 87' lang='lat' dir='ltr'><strong>vere</strong></span> <span class='ocrx_word' id='word_1_14' title='bbox 1837 741 1910 830; x_wconf 88' lang='lat' dir='ltr'><strong>pe·</strong></span> 
     </span>
     <span class='ocr_line' id='line_1_3' title="bbox 219 856 1909 976; baseline 0.003 -28"><span class='ocrx_word' id='word_1_15' title='bbox 219 884 372 961; x_wconf 90' lang='lat' dir='ltr'><strong>reunt,</strong></span> <span class='ocrx_word' id='word_1_16' title='bbox 400 860 512 945; x_wconf 91' lang='lat' dir='ltr'><strong>unde</strong></span> <span class='ocrx_word' id='word_1_17' title='bbox 541 856 817 946; x_wconf 83' lang='lat' dir='ltr'><strong>domesticam</strong></span> <span class='ocrx_word' id='word_1_18' title='bbox 847 856 1033 976; x_wconf 88' lang='lat' dir='ltr'><strong>speciem</strong></span> <span class='ocrx_word' id='word_1_19' title='bbox 1062 861 1239 946; x_wconf 86' lang='lat' dir='ltr'>reddere</span> <span class='ocrx_word' id='word_1_20' title='bbox 1267 863 1454 946; x_wconf 90' lang='lat' dir='ltr'><strong>nondum</strong></span> <span class='ocrx_word' id='word_1_21' title='bbox 1482 861 1694 951; x_wconf 84' lang='lat' dir='ltr'><strong>successit.</strong></span> <span class='ocrx_word' id='word_1_22' title='bbox 1751 870 1909 954; x_wconf 84' lang='lat' dir='ltr'><strong>Forsan</strong></span> 
     </span>
     <span class='ocr_line' id='line_1_4' title="bbox 216 1009 1908 1132; baseline 0.003 -33"><span class='ocrx_word' id='word_1_23' title='bbox 216 1011 364 1132; x_wconf 81' lang='lat' dir='ltr'><strong>pabuli</strong></span> <span class='ocrx_word' id='word_1_24' title='bbox 405 1009 588 1130; x_wconf 74' lang='lat' dir='ltr'><strong>expetiti</strong></span> <span class='ocrx_word' id='word_1_25' title='bbox 629 1015 843 1117; x_wconf 86' lang='lat' dir='ltr'><strong>defectus,</strong></span> <span class='ocrx_word' id='word_1_26' title='bbox 900 1012 1038 1098; x_wconf 82' lang='lat' dir='ltr'><strong>forsan</strong></span> <span class='ocrx_word' id='word_1_27' title='bbox 1077 1035 1122 1098; x_wconf 92' lang='lat' dir='ltr'><strong>et</strong></span> <span class='ocrx_word' id='word_1_28' title='bbox 1161 1010 1312 1099; x_wconf 86' lang='lat' dir='ltr'><strong>insitus</strong></span> <span class='ocrx_word' id='word_1_29' title='bbox 1365 1014 1480 1100; x_wconf 86' lang='lat' dir='ltr'><strong>calor</strong></span> <span class='ocrx_word' id='word_1_30' title='bbox 1519 1014 1652 1100; x_wconf 74' lang='lat' dir='ltr'><strong>vitam</strong></span> <span class='ocrx_word' id='word_1_31' title='bbox 1703 1015 1908 1105; x_wconf 85' lang='lat' dir='ltr'><strong>adimunt.</strong></span> 
     </span>
     <span class='ocr_line' id='line_1_5' title="bbox 220 1137 1909 1282; baseline 0.001 -26"><span class='ocrx_word' id='word_1_32' title='bbox 220 1167 418 1256; x_wconf 88' lang='lat' dir='ltr'><strong>Calorem</strong></span> <span class='ocrx_word' id='word_1_33' title='bbox 446 1163 562 1252; x_wconf 90' lang='lat' dir='ltr'><strong>enim</strong></span> <span class='ocrx_word' id='word_1_34' title='bbox 592 1137 804 1282; x_wconf 86' lang='lat' dir='ltr'><strong>sanguinis</strong></span> <span class='ocrx_word' id='word_1_35' title='bbox 831 1163 879 1251; x_wconf 93' lang='lat' dir='ltr'><strong>in</strong></span> <span class='ocrx_word' id='word_1_36' title='bbox 907 1165 1018 1253; x_wconf 86' lang='lat' dir='ltr'><strong>vivis</strong></span> <span class='ocrx_word' id='word_1_37' title='bbox 1047 1164 1352 1256; x_wconf 89' lang='lat' dir='ltr'><strong>thermometro</strong></span> <span class='ocrx_word' id='word_1_38' title='bbox 1382 1169 1435 1253; x_wconf 88' lang='lat' dir='ltr'><strong>ad</strong></span> <span class='ocrx_word' id='word_1_39' title='bbox 1463 1199 1551 1282; x_wconf 78' lang='lat'><strong>107.</strong></span> <span class='ocrx_word' id='word_1_40' title='bbox 1565 1171 1715 1282; x_wconf 83' lang='lat' dir='ltr'><strong>gradus</strong></span> <span class='ocrx_word' id='word_1_41' title='bbox 1727 1167 1909 1258; x_wconf 86' lang='lat' dir='ltr'><strong>Farenh.</strong></span> 
     </span>
     <span class='ocr_line' id='line_1_6' title="bbox 220 1316 1337 1436; baseline -0.004 -30"><span class='ocrx_word' id='word_1_42' title='bbox 220 1316 512 1436; x_wconf 74' lang='lat' dir='ltr'><strong>deprehendi..</strong></span> <span class='ocrx_word' id='word_1_43' title='bbox 1327 1322 1337 1339; x_wconf 86' lang='grc'><strong>’</strong></span> 
     </span>
    </p>

    <p class='ocr_par' dir='ltr' id='par_1_3' title="bbox 217 1468 1919 3581">
     <span class='ocr_line' id='line_1_7' title="bbox 357 1468 1911 1588; baseline 0.004 -32"><span class='ocrx_word' id='word_1_44' title='bbox 357 1472 527 1558; x_wconf 86' lang='lat' dir='ltr'><strong>Descr.</strong></span> <span class='ocrx_word' id='word_1_45' title='bbox 588 1469 795 1560; x_wconf 83' lang='lat' dir='ltr'><strong>Omnium</strong></span> <span class='ocrx_word' id='word_1_46' title='bbox 822 1477 1030 1559; x_wconf 81' lang='lat' dir='ltr'><strong>Anterum</strong></span> <span class='ocrx_word' id='word_1_47' title='bbox 1058 1468 1258 1558; x_wconf 89' lang='lat' dir='ltr'><strong>minimus</strong></span> <span class='ocrx_word' id='word_1_48' title='bbox 1294 1481 1339 1558; x_wconf 82' lang='lat' dir='ltr'><strong>et</strong></span> <span class='ocrx_word' id='word_1_49' title='bbox 1367 1471 1726 1588; x_wconf 82' lang='lat' dir='ltr'><strong>elegantissimus,</strong></span> <span class='ocrx_word' id='word_1_50' title='bbox 1768 1473 1816 1560; x_wconf 90' lang='lat' dir='ltr'><strong>ni</strong></span> <span class='ocrx_word' id='word_1_51' title='bbox 1844 1505 1911 1562; x_wconf 53' lang='lat' dir='ltr'><strong>se*</strong></span> 
     </span>
     <span class='ocr_line' id='line_1_8' title="bbox 219 1620 1912 1744; baseline 0.002 -34"><span class='ocrx_word' id='word_1_52' title='bbox 219 1647 420 1744; x_wconf 84' lang='lat' dir='ltr'><strong>quantem</strong></span> <span class='ocrx_word' id='word_1_53' title='bbox 448 1620 647 1741; x_wconf 83' lang='lat' dir='ltr'><strong>excipere</strong></span> <span class='ocrx_word' id='word_1_54' title='bbox 677 1623 798 1712; x_wconf 88' lang='lat' dir='ltr'><strong>velis.</strong></span> <span class='ocrx_word' id='word_1_55' title='bbox 869 1627 1063 1712; x_wconf 79' lang='lat' dir='ltr'><strong>Rostrum</strong></span> <span class='ocrx_word' id='word_1_56' title='bbox 1102 1624 1376 1741; x_wconf 86' lang='lat' dir='ltr'><strong>proportione</strong></span> <span class='ocrx_word' id='word_1_57' title='bbox 1411 1647 1457 1712; x_wconf 92' lang='lat' dir='ltr'><strong>et</strong></span> <span class='ocrx_word' id='word_1_58' title='bbox 1491 1627 1625 1713; x_wconf 90' lang='lat' dir='ltr'><strong>forma</strong></span> <span class='ocrx_word' id='word_1_59' title='bbox 1659 1629 1747 1712; x_wconf 87' lang='lat' dir='ltr'><strong>fere</strong></span> <span class='ocrx_word' id='word_1_60' title='bbox 1779 1648 1827 1712; x_wconf 89' lang='lat' dir='ltr'><strong>ut</strong></span> <span class='ocrx_word' id='word_1_61' title='bbox 1864 1627 1912 1714; x_wconf 89' lang='lat' dir='ltr'><strong>in</strong></span> 
     </span>
     <span class='ocr_line' id='line_1_9' title="bbox 219 1747 1914 1897; baseline 0.001 -32"><span class='ocrx_word' id='word_1_62' title='bbox 219 1786 408 1878; x_wconf 85' lang='lat' dir='ltr'><strong>Brenta,</strong></span> <span class='ocrx_word' id='word_1_63' title='bbox 437 1778 624 1882; x_wconf 88' lang='lat' dir='ltr'><strong>fuscum,</strong></span> <span class='ocrx_word' id='word_1_64' title='bbox 654 1747 864 1894; x_wconf 86' lang='lat' dir='ltr'><strong>unguibus</strong></span> <span class='ocrx_word' id='word_1_65' title='bbox 890 1777 1160 1886; x_wconf 81' lang='lat' dir='ltr'><strong>rotundatis,</strong></span> <span class='ocrx_word' id='word_1_66' title='bbox 1191 1778 1383 1895; x_wconf 76' lang='lat' dir='ltr'><strong>integris.</strong></span> <span class='ocrx_word' id='word_1_67' title='bbox 1437 1781 1569 1868; x_wconf 84' lang='lat' dir='ltr'><strong>Nares</strong></span> <span class='ocrx_word' id='word_1_68' title='bbox 1597 1781 1806 1896; x_wconf 85' lang='lat' dir='ltr'><strong>oblongae</strong></span> <span class='ocrx_word' id='word_1_69' title='bbox 1820 1807 1914 1897; x_wconf 84' lang='lat' dir='ltr'><strong>per-</strong></span> 
     </span>
     <span class='ocr_line' id='line_1_10' title="bbox 220 1929 1914 2050; baseline 0 -32"><span class='ocrx_word' id='word_1_70' title='bbox 220 1931 329 2018; x_wconf 85' lang='lat' dir='ltr'><strong>viae.</strong></span> <span class='ocrx_word' id='word_1_71' title='bbox 386 1935 550 2046; x_wconf 80' lang='lat' dir='ltr'><strong>Lingua</strong></span> <span class='ocrx_word' id='word_1_72' title='bbox 577 1961 699 2046; x_wconf 88' lang='lat' dir='ltr'><strong>supra</strong></span> <span class='ocrx_word' id='word_1_73' title='bbox 727 1930 860 2018; x_wconf 88' lang='lat' dir='ltr'><strong>laevis</strong></span> <span class='ocrx_word' id='word_1_74' title='bbox 871 1994 886 2034; x_wconf 91' lang='lat'><em>,</em></span> <span class='ocrx_word' id='word_1_75' title='bbox 916 1931 1036 2050; x_wconf 88' lang='lat' dir='ltr'><strong>apice</strong></span> <span class='ocrx_word' id='word_1_76' title='bbox 1065 1935 1289 2018; x_wconf 86' lang='lat' dir='ltr'><strong>rotundato</strong></span> <span class='ocrx_word' id='word_1_77' title='bbox 1317 1930 1481 2048; x_wconf 83' lang='lat' dir='ltr'><strong>integra</strong></span> <span class='ocrx_word' id='word_1_78' title='bbox 1494 1994 1508 2034; x_wconf 89' lang='lat'><em>,</em></span> <span class='ocrx_word' id='word_1_79' title='bbox 1534 1929 1641 2018; x_wconf 89' lang='lat' dir='ltr'><strong>hinc</strong></span> <span class='ocrx_word' id='word_1_80' title='bbox 1655 1932 1914 2050; x_wconf 77' lang='lat' dir='ltr'><strong>marginibus</strong></span> 
     </span>
     <span class='ocr_line' id='line_1_11' title="bbox 218 2080 1914 2202; baseline 0.002 -32"><span class='ocrx_word' id='word_1_81' title='bbox 218 2106 445 2170; x_wconf 86' lang='lat' dir='ltr'><strong>retrorsum</strong></span> <span class='ocrx_word' id='word_1_82' title='bbox 474 2084 669 2184; x_wconf 88' lang='lat' dir='ltr'><strong>serratis,</strong></span> <span class='ocrx_word' id='word_1_83' title='bbox 697 2080 829 2200; x_wconf 88' lang='lat' dir='ltr'><strong>spinis</strong></span> <span class='ocrx_word' id='word_1_84' title='bbox 858 2085 1015 2172; x_wconf 87' lang='lat' dir='ltr'><strong>sensim</strong></span> <span class='ocrx_word' id='word_1_85' title='bbox 1043 2084 1291 2200; x_wconf 87' lang='lat' dir='ltr'><strong>majoribus,</strong></span> <span class='ocrx_word' id='word_1_86' title='bbox 1320 2116 1406 2172; x_wconf 90' lang='lat' dir='ltr'><strong>non</strong></span> <span class='ocrx_word' id='word_1_87' title='bbox 1433 2113 1563 2202; x_wconf 90' lang='lat' dir='ltr'><strong>usque</strong></span> <span class='ocrx_word' id='word_1_88' title='bbox 1592 2087 1645 2172; x_wconf 91' lang='lat' dir='ltr'><strong>ad</strong></span> <span class='ocrx_word' id='word_1_89' title='bbox 1671 2084 1808 2190; x_wconf 79' lang='lat' dir='ltr'><strong>basin,</strong></span> <span class='ocrx_word' id='word_1_90' title='bbox 1837 2081 1914 2173; x_wconf 87' lang='lat' dir='ltr'><strong>ubi</strong></span> 
     </span>
     <span class='ocr_line' id='line_1_12' title="bbox 217 2235 1916 2354; baseline -0.001 -31"><span class='ocrx_word' id='word_1_91' title='bbox 217 2237 430 2354; x_wconf 90' lang='lat' dir='ltr'><strong>reliquum</strong></span> <span class='ocrx_word' id='word_1_92' title='bbox 456 2237 639 2354; x_wconf 86' lang='lat' dir='ltr'><strong>spatium</strong></span> <span class='ocrx_word' id='word_1_93' title='bbox 667 2239 814 2354; x_wconf 88' lang='lat' dir='ltr'><strong>explet</strong></span> <span class='ocrx_word' id='word_1_94' title='bbox 854 2238 986 2326; x_wconf 88' lang='lat' dir='ltr'><strong>series</strong></span> <span class='ocrx_word' id='word_1_95' title='bbox 1026 2237 1336 2326; x_wconf 86' lang='lat' dir='ltr'><strong>denticulorum</strong></span> <span class='ocrx_word' id='word_1_96' title='bbox 1364 2237 1599 2344; x_wconf 87' lang='lat' dir='ltr'><strong>minorum,</strong></span> <span class='ocrx_word' id='word_1_97' title='bbox 1642 2235 1882 2353; x_wconf 84' lang='lat' dir='ltr'><strong>aequalium</strong></span> <span class='ocrx_word' id='word_1_98' title='bbox 1896 2269 1916 2333; x_wconf 86' lang='lat'><strong>,·.</strong></span> 
     </span>
     <span class='ocr_line' id='line_1_13' title="bbox 218 2385 1915 2507; baseline -0.002 -31"><span class='ocrx_word' id='word_1_99' title='bbox 218 2421 342 2507; x_wconf 87' lang='lat' dir='ltr'><strong>supra</strong></span> <span class='ocrx_word' id='word_1_100' title='bbox 370 2387 489 2477; x_wconf 89' lang='lat' dir='ltr'><strong>basin</strong></span> <span class='ocrx_word' id='word_1_101' title='bbox 518 2389 650 2476; x_wconf 87' lang='lat' dir='ltr'><strong>callus</strong></span> <span class='ocrx_word' id='word_1_102' title='bbox 675 2411 959 2500; x_wconf 85' lang='lat' dir='ltr'><strong>transversus,</strong></span> <span class='ocrx_word' id='word_1_103' title='bbox 1001 2389 1249 2496; x_wconf 87' lang='lat' dir='ltr'><strong>continuus,</strong></span> <span class='ocrx_word' id='word_1_104' title='bbox 1290 2391 1489 2477; x_wconf 88' lang='lat' dir='ltr'><strong>dentibus</strong></span> <span class='ocrx_word' id='word_1_105' title='bbox 1518 2388 1680 2478; x_wconf 87' lang='lat' dir='ltr'><strong>conicis</strong></span> <span class='ocrx_word' id='word_1_106' title='bbox 1708 2385 1915 2476; x_wconf 87' lang='lat' dir='ltr'><strong>confertis</strong></span> 
     </span>
     <span class='ocr_line' id='line_1_14' title="bbox 218 2540 1918 2664; baseline -0.002 -35"><span class='ocrx_word' id='word_1_107' title='bbox 218 2541 407 2647; x_wconf 87' lang='lat' dir='ltr'><strong>obsitus,</strong></span> <span class='ocrx_word' id='word_1_108' title='bbox 450 2567 562 2658; x_wconf 91' lang='lat' dir='ltr'><strong>pone</strong></span> <span class='ocrx_word' id='word_1_109' title='bbox 590 2571 718 2658; x_wconf 89' lang='lat' dir='ltr'><strong>quem</strong></span> <span class='ocrx_word' id='word_1_110' title='bbox 745 2542 941 2664; x_wconf 87' lang='lat' dir='ltr'><strong>utrinque</strong></span> <span class='ocrx_word' id='word_1_111' title='bbox 970 2549 1108 2632; x_wconf 88' lang='lat' dir='ltr'><strong>adstat</strong></span> <span class='ocrx_word' id='word_1_112' title='bbox 1136 2545 1267 2631; x_wconf 86' lang='lat' dir='ltr'><strong>callus</strong></span> <span class='ocrx_word' id='word_1_113' title='bbox 1293 2574 1471 2660; x_wconf 84' lang='lat' dir='ltr'><strong>parvus,</strong></span> <span class='ocrx_word' id='word_1_114' title='bbox 1510 2541 1617 2630; x_wconf 92' lang='lat' dir='ltr'><strong>item</strong></span> <span class='ocrx_word' id='word_1_115' title='bbox 1660 2540 1883 2628; x_wconf 86' lang='lat' dir='ltr'><strong>echinatus</strong></span> <span class='ocrx_word' id='word_1_116' title='bbox 1894 2549 1918 2642; x_wconf 88' lang='lat'><strong>,&#39;</strong></span> 
     </span>
     <span class='ocr_line' id='line_1_15' title="bbox 220 2681 1912 2812; baseline -0.002 -30"><span class='ocrx_word' id='word_1_117' title='bbox 220 2717 268 2782; x_wconf 89' lang='lat' dir='ltr'><strong>et</strong></span> <span class='ocrx_word' id='word_1_118' title='bbox 294 2699 466 2782; x_wconf 91' lang='lat' dir='ltr'><strong>demum</strong></span> <span class='ocrx_word' id='word_1_119' title='bbox 499 2681 595 2781; x_wconf 73' lang='lat' dir='ltr'><strong>ant‘e</strong></span> <span class='ocrx_word' id='word_1_120' title='bbox 622 2696 848 2812; x_wconf 84' lang='lat' dir='ltr'><strong>glottidem</strong></span> <span class='ocrx_word' id='word_1_121' title='bbox 877 2729 994 2784; x_wconf 88' lang='lat' dir='ltr'><strong>arcus</strong></span> <span class='ocrx_word' id='word_1_122' title='bbox 1007 2705 1026 2799; x_wconf 81' lang='lat'><strong>,‘</strong></span> <span class='ocrx_word' id='word_1_123' title='bbox 1061 2696 1259 2783; x_wconf 86' lang='lat' dir='ltr'><strong>dentibus</strong></span> <span class='ocrx_word' id='word_1_124' title='bbox 1300 2719 1524 2782; x_wconf 88' lang='lat' dir='ltr'><strong>retrorsum</strong></span> <span class='ocrx_word' id='word_1_125' title='bbox 1552 2693 1708 2781; x_wconf 89' lang='lat' dir='ltr'><strong>sensim</strong></span> <span class='ocrx_word' id='word_1_126' title='bbox 1737 2691 1912 2780; x_wconf 87' lang='lat' dir='ltr'><strong>minori·</strong></span> 
     </span>
     <span class='ocr_line' id='line_1_16' title="bbox 218 2847 1917 2970; baseline -0.003 -34"><span class='ocrx_word' id='word_1_127' title='bbox 218 2850 312 2936; x_wconf 88' lang='lat' dir='ltr'><strong>bus.</strong></span> <span class='ocrx_word' id='word_1_128' title='bbox 366 2850 498 2936; x_wconf 78' lang='lat' dir='ltr'><strong>Irides</strong></span> <span class='ocrx_word' id='word_1_129' title='bbox 522 2850 676 2970; x_wconf 84' lang='lat' dir='ltr'><strong>fuscae.</strong></span> <span class='ocrx_word' id='word_1_130' title='bbox 747 2850 917 2957; x_wconf 86' lang='lat' dir='ltr'><strong>Coloris</strong></span> <span class='ocrx_word' id='word_1_131' title='bbox 946 2848 1276 2968; x_wconf 88' lang='lat' dir='ltr'><strong>descriptionem</strong></span> <span class='ocrx_word' id='word_1_132' title='bbox 1305 2848 1407 2934; x_wconf 90' lang='lat' dir='ltr'><strong>dedi</strong></span> <span class='ocrx_word' id='word_1_133' title='bbox 1435 2847 1479 2934; x_wconf 92' lang='lat' dir='ltr'><strong>in</strong></span> <span class='ocrx_word' id='word_1_134' title='bbox 1500 2851 1744 2967; x_wconf 74' lang='lat' dir='ltr'><strong>spicilegiis.</strong></span> <span class='ocrx_word' id='word_1_135' title='bbox 1807 2849 1917 2932; x_wconf 73' lang='lat' dir='ltr'><strong>Pom·</strong></span> 
     </span>
     <span class='ocr_line' id='line_1_17' title="bbox 219 3001 1911 3120; baseline -0.001 -32"><span class='ocrx_word' id='word_1_136' title='bbox 219 3001 299 3090; x_wconf 85' lang='lat' dir='ltr'><strong>dus</strong></span> <span class='ocrx_word' id='word_1_137' title='bbox 326 3001 522 3088; x_wconf 87' lang='lat' dir='ltr'><strong>masculis</strong></span> <span class='ocrx_word' id='word_1_138' title='bbox 551 3005 640 3089; x_wconf 91' lang='lat' dir='ltr'><strong>fere</strong></span> <span class='ocrx_word' id='word_1_139' title='bbox 667 3002 851 3108; x_wconf 91' lang='lat' dir='ltr'><strong>bilibre,</strong></span> <span class='ocrx_word' id='word_1_140' title='bbox 879 3003 1077 3092; x_wconf 87' lang='lat' dir='ltr'><strong>foeminis</strong></span> <span class='ocrx_word' id='word_1_141' title='bbox 1104 3003 1233 3120; x_wconf 88' lang='lat' dir='ltr'><strong>paulo</strong></span> <span class='ocrx_word' id='word_1_142' title='bbox 1260 3001 1410 3091; x_wconf 89' lang='lat' dir='ltr'><strong>minus.</strong></span> <span class='ocrx_word' id='word_1_143' title='bbox 1449 3006 1664 3090; x_wconf 82' lang='lat' dir='ltr'><strong>Mensurae</strong></span> <span class='ocrx_word' id='word_1_144' title='bbox 1692 3005 1738 3114; x_wconf 92' lang='lat' dir='ltr'><strong>(e</strong></span> <span class='ocrx_word' id='word_1_145' title='bbox 1765 3031 1911 3088; x_wconf 89' lang='lat' dir='ltr'><strong>recen·</strong></span> 
     </span>
     <span class='ocr_line' id='line_1_18' title="bbox 217 3125 1916 3275; baseline -0.001 -33"><span class='ocrx_word' id='word_1_146' title='bbox 217 3155 334 3244; x_wconf 87' lang='lat' dir='ltr'><strong>tibus</strong></span> <span class='ocrx_word' id='word_1_147' title='bbox 361 3155 668 3270; x_wconf 87' lang='lat' dir='ltr'><strong>accuratiores)</strong></span> <span class='ocrx_word' id='word_1_148' title='bbox 697 3161 749 3244; x_wconf 88' lang='lat' dir='ltr'><strong>ab</strong></span> <span class='ocrx_word' id='word_1_149' title='bbox 779 3157 900 3275; x_wconf 87' lang='lat' dir='ltr'><strong>apice</strong></span> <span class='ocrx_word' id='word_1_150' title='bbox 929 3125 1069 3243; x_wconf 61' lang='lat' dir='ltr'><strong>rostri¹</strong></span> <span class='ocrx_word' id='word_1_151' title='bbox 1084 3159 1137 3242; x_wconf 93' lang='lat' dir='ltr'><strong>ad</strong></span> <span class='ocrx_word' id='word_1_152' title='bbox 1177 3156 1431 3273; x_wconf 81' lang='lat' dir='ltr'><strong>uropygium</strong></span> <span class='ocrx_word' id='word_1_153' title='bbox 1476 3160 1522 3242; x_wconf 88' lang='lat'><strong>1&#39;.</strong></span> <span class='ocrx_word' id='word_1_154' title='bbox 1551 3160 1609 3244; x_wconf 72' lang='grc' dir='ltr'><strong>δ”.</strong></span> <span class='ocrx_word' id='word_1_155' title='bbox 1639 3163 1709 3241; x_wconf 83' lang='lat'><strong>2‘&#39;&#39;.</strong></span> <span class='ocrx_word' id='word_1_156' title='bbox 1751 3156 1916 3242; x_wconf 89' lang='lat' dir='ltr'><strong>caudae</strong></span> 
     </span>
     <span class='ocr_line' id='line_1_19' title="bbox 220 3285 1919 3426; baseline -0.002 -29"><span class='ocrx_word' id='word_1_157' title='bbox 220 3311 283 3397; x_wconf 76' lang='grc' dir='ltr'><strong>δ”.</strong></span> <span class='ocrx_word' id='word_1_158' title='bbox 315 3312 409 3395; x_wconf 84' lang='lat'><strong>11“&#39;.</strong></span> <span class='ocrx_word' id='word_1_159' title='bbox 439 3309 564 3395; x_wconf 90' lang='lat' dir='ltr'><strong>rostri</strong></span> <span class='ocrx_word' id='word_1_160' title='bbox 591 3313 646 3396; x_wconf 88' lang='lat' dir='ltr'><strong>ad</strong></span> <span class='ocrx_word' id='word_1_161' title='bbox 672 3314 855 3398; x_wconf 90' lang='lat' dir='ltr'><strong>frontem</strong></span> <span class='ocrx_word' id='word_1_162' title='bbox 890 3285 1016 3402; x_wconf 47' lang='lat' dir='ltr'><strong>rolf.</strong></span> <span class='ocrx_word' id='word_1_163' title='bbox 1045 3312 1099 3396; x_wconf 88' lang='lat' dir='ltr'><strong>ad</strong></span> <span class='ocrx_word' id='word_1_164' title='bbox 1125 3308 1210 3395; x_wconf 87' lang='lat' dir='ltr'><strong>oris</strong></span> <span class='ocrx_word' id='word_1_165' title='bbox 1247 3311 1420 3426; x_wconf 80' lang='lat' dir='ltr'><strong>angulos</strong></span> <span class='ocrx_word' id='word_1_166' title='bbox 1468 3313 1588 3411; x_wconf 60' lang='lat' dir='ltr'><strong>nrm.</strong></span> <span class='ocrx_word' id='word_1_167' title='bbox 1670 3311 1919 3394; x_wconf 76' lang='lat' dir='ltr'><strong>Intestinum&#39;</strong></span> 
     </span>
     <span class='ocr_line' id='line_1_20' title="bbox 219 3457 1912 3581; baseline -0.001 -35"><span class='ocrx_word' id='word_1_168' title='bbox 219 3459 407 3579; x_wconf 88' lang='lat' dir='ltr'><strong>quinque</strong></span> <span class='ocrx_word' id='word_1_169' title='bbox 420 3463 573 3578; x_wconf 90' lang='lat' dir='ltr'><strong>pedale</strong></span> <span class='ocrx_word' id='word_1_170' title='bbox 601 3495 697 3549; x_wconf 91' lang='lat' dir='ltr'><strong>cum</strong></span> <span class='ocrx_word' id='word_1_171' title='bbox 725 3462 864 3578; x_wconf 85' lang='lat' dir='ltr'><strong>sesqui</strong></span> <span class='ocrx_word' id='word_1_172' title='bbox 877 3461 1064 3581; x_wconf 71' lang='lat' dir='ltr'><strong>pollicer</strong></span> <span class='ocrx_word' id='word_1_173' title='bbox 1105 3493 1129 3548; x_wconf 89' lang='lat' dir='ltr'><strong>a</strong></span> <span class='ocrx_word' id='word_1_174' title='bbox 1156 3462 1309 3579; x_wconf 87' lang='lat' dir='ltr'><strong>pyloro</strong></span> <span class='ocrx_word' id='word_1_175' title='bbox 1337 3496 1360 3547; x_wconf 80' lang='lat' dir='ltr'><strong>a</strong></span> <span class='ocrx_word' id='word_1_176' title='bbox 1388 3465 1488 3579; x_wconf 90' lang='lat' dir='ltr'><strong>ped.</strong></span> <span class='ocrx_word' id='word_1_177' title='bbox 1516 3476 1540 3549; x_wconf 86' lang='grc'>8</span> <span class='ocrx_word' id='word_1_178' title='bbox 1568 3461 1672 3578; x_wconf 91' lang='lat' dir='ltr'><strong>poll.</strong></span> <span class='ocrx_word' id='word_1_179' title='bbox 1710 3457 1912 3546; x_wconf 84' lang='lat' dir='ltr'><strong>distantia</strong></span> 
     </span>
    </p>
   </div>
   <div class='ocr_carea' id='block_1_3' title="bbox 217 3610 1914 4188">
    <p class='ocr_par' dir='ltr' id='par_1_4' title="bbox 217 3610 1914 4188">
     <span class='ocr_line' id='line_1_21' title="bbox 217 3610 1910 3732; baseline -0.001 -32"><span class='ocrx_word' id='word_1_180' title='bbox 217 3612 359 3718; x_wconf 85' lang='lat' dir='ltr'><strong>ainus,</strong></span> <span class='ocrx_word' id='word_1_181' title='bbox 390 3643 463 3700; x_wconf 90' lang='lat' dir='ltr'><strong>seu</strong></span> <span class='ocrx_word' id='word_1_182' title='bbox 490 3617 606 3703; x_wconf 86' lang='lat' dir='ltr'><strong>tuber</strong></span> <span class='ocrx_word' id='word_1_183' title='bbox 627 3619 923 3732; x_wconf 81' lang='lat' dir='ltr'><strong>glandulosum</strong></span> <span class='ocrx_word' id='word_1_184' title='bbox 960 3615 1007 3703; x_wconf 90' lang='lat' dir='ltr'><strong>in</strong></span> <span class='ocrx_word' id='word_1_185' title='bbox 1045 3614 1393 3731; x_wconf 83' lang='lat' dir='ltr'><strong>conduplicetura</strong></span> <span class='ocrx_word' id='word_1_186' title='bbox 1427 3613 1636 3702; x_wconf 89' lang='lat' dir='ltr'><strong>intestini.</strong></span> <span class='ocrx_word' id='word_1_187' title='bbox 1703 3610 1816 3700; x_wconf 89' lang='lat' dir='ltr'><strong>Hinc</strong></span> <span class='ocrx_word' id='word_1_188' title='bbox 1851 3617 1910 3700; x_wconf 73' lang='grc' dir='ltr'><strong>δ”.</strong></span> 
     </span>
     <span class='ocr_line' id='line_1_22' title="bbox 221 3737 1914 3883; baseline -0.004 -29"><span class='ocrx_word' id='word_1_189' title='bbox 221 3771 294 3854; x_wconf 84' lang='grc'><strong>3”’.</strong></span> <span class='ocrx_word' id='word_1_190' title='bbox 323 3769 374 3854; x_wconf 89' lang='lat' dir='ltr'><strong>ab</strong></span> <span class='ocrx_word' id='word_1_191' title='bbox 402 3797 483 3854; x_wconf 86' lang='lat' dir='ltr'><strong>eno</strong></span> <span class='ocrx_word' id='word_1_192' title='bbox 511 3767 710 3856; x_wconf 85' lang='lat' dir='ltr'><strong>distantia</strong></span> <span class='ocrx_word' id='word_1_193' title='bbox 736 3737 975 3856; x_wconf 86' lang='lat' dir='ltr'><strong>inseruntur</strong></span> <span class='ocrx_word' id='word_1_194' title='bbox 1009 3801 1133 3856; x_wconf 85' lang='lat' dir='ltr'><strong>coeca</strong></span> <span class='ocrx_word' id='word_1_195' title='bbox 1161 3765 1476 3883; x_wconf 89' lang='lat' dir='ltr'><strong>sexpollicaria,</strong></span> <span class='ocrx_word' id='word_1_196' title='bbox 1505 3765 1631 3854; x_wconf 90' lang='lat' dir='ltr'><strong>initio</strong></span> <span class='ocrx_word' id='word_1_197' title='bbox 1659 3765 1800 3870; x_wconf 89' lang='lat' dir='ltr'><strong>tenni,</strong></span> <span class='ocrx_word' id='word_1_198' title='bbox 1831 3761 1914 3848; x_wconf 88' lang='lat' dir='ltr'><strong>fili·</strong></span> 
     </span>
     <span class='ocr_line' id='line_1_23' title="bbox 219 3889 1908 4035; baseline -0.005 -29"><span class='ocrx_word' id='word_1_199' title='bbox 219 3889 594 4020; x_wconf 40' lang='lat' dir='ltr'><strong>formisextremo</strong></span> <span class='ocrx_word' id='word_1_200' title='bbox 622 3922 778 4008; x_wconf 85' lang='lat' dir='ltr'><strong>sensim</strong></span> <span class='ocrx_word' id='word_1_201' title='bbox 806 3920 1014 4010; x_wconf 88' lang='lat' dir='ltr'><strong>fusiformi</strong></span> <span class='ocrx_word' id='word_1_202' title='bbox 1027 3973 1042 3990; x_wconf 91' lang='lat'>·</span> <span class='ocrx_word' id='word_1_203' title='bbox 1057 3919 1260 4017; x_wconf 87' lang='lat' dir='ltr'><strong>dilatata,</strong></span> <span class='ocrx_word' id='word_1_204' title='bbox 1288 3915 1410 4035; x_wconf 88' lang='lat' dir='ltr'><strong>apice</strong></span> <span class='ocrx_word' id='word_1_205' title='bbox 1436 3919 1606 4006; x_wconf 87' lang='lat' dir='ltr'><strong>inflexa.</strong></span> <span class='ocrx_word' id='word_1_206' title='bbox 1661 3922 1769 4005; x_wconf 85' lang='lat' dir='ltr'><strong>Bilis</strong></span> <span class='ocrx_word' id='word_1_207' title='bbox 1781 3912 1908 4031; x_wconf 84' lang='lat' dir='ltr'><strong>insig-</strong></span> 
     </span>
     <span class='ocr_line' id='line_1_24' title="bbox 218 4069 1645 4188; baseline -0.006 -24"><span class='ocrx_word' id='word_1_208' title='bbox 218 4073 315 4182; x_wconf 85' lang='lat' dir='ltr'><strong>nis,</strong></span> <span class='ocrx_word' id='word_1_209' title='bbox 345 4075 521 4162; x_wconf 86' lang='lat' dir='ltr'><strong>obscure</strong></span> <span class='ocrx_word' id='word_1_210' title='bbox 549 4073 818 4162; x_wconf 85' lang='lat' dir='ltr'><strong>viridissima.</strong></span> <span class='ocrx_word' id='word_1_211' title='bbox 876 4077 1134 4162; x_wconf 84' lang='lat' dir='ltr'><strong>Ventriculus</strong></span> <span class='ocrx_word' id='word_1_212' title='bbox 1161 4072 1274 4158; x_wconf 90' lang='lat' dir='ltr'><strong>mole</strong></span> <span class='ocrx_word' id='word_1_213' title='bbox 1302 4070 1376 4157; x_wconf 89' lang='lat' dir='ltr'><strong>ovi</strong></span> <span class='ocrx_word' id='word_1_214' title='bbox 1402 4069 1645 4188; x_wconf 86' lang='lat' dir='ltr'><strong>gallinacei.</strong></span> 
     </span>
    </p>
   </div>
   <div class='ocr_carea' id='block_1_4' title="bbox 475 4321 1658 4449">
    <p class='ocr_par' dir='ltr' id='par_1_5' title="bbox 475 4321 1658 4449">
     <span class='ocr_line' id='line_1_25' title="bbox 475 4321 1658 4449; baseline -0.008 -27"><span class='ocrx_word' id='word_1_215' title='bbox 475 4335 601 4436; x_wconf 76' lang='lat'><strong>327..</strong></span> <span class='ocrx_word' id='word_1_216' title='bbox 679 4326 949 4418; x_wconf 84' lang='lat' dir='ltr'>ANSER</span> <span class='ocrx_word' id='word_1_217' title='bbox 1018 4328 1225 4449; x_wconf 73' lang='lat' dir='ltr'><strong>pictus</strong></span> <span class='ocrx_word' id='word_1_218' title='bbox 1299 4323 1432 4416; x_wconf 78' lang='lat' dir='ltr'><strong>TAu</strong></span> <span class='ocrx_word' id='word_1_219' title='bbox 1469 4321 1658 4414; x_wconf 83' lang='lat' dir='ltr'><em>LXVII.</em></span> 
     </span>
    </p>
   </div>
   <div class='ocr_carea' id='block_1_5' title="bbox 222 4521 1934 5238">
    <p class='ocr_par' dir='ltr' id='par_1_6' title="bbox 222 4521 1934 5238">
     <span class='ocr_line' id='line_1_26' title="bbox 364 4521 1934 4650; baseline -0.006 -28"><span class='ocrx_word' id='word_1_220' title='bbox 364 4539 419 4623; x_wconf 78' lang='lat' dir='ltr'><strong>A.</strong></span> <span class='ocrx_word' id='word_1_221' title='bbox 451 4533 670 4641; x_wconf 85' lang='lat' dir='ltr'><strong>cinereus,</strong></span> <span class='ocrx_word' id='word_1_222' title='bbox 702 4536 799 4621; x_wconf 89' lang='lat' dir='ltr'><strong>albo</strong></span> <span class='ocrx_word' id='word_1_223' title='bbox 824 4532 1030 4650; x_wconf 84' lang='lat' dir='ltr'><strong>nigroque</strong></span> <span class='ocrx_word' id='word_1_224' title='bbox 1060 4533 1270 4633; x_wconf 74' lang='lat' dir='ltr'><strong>doliatusr</strong></span> <span class='ocrx_word' id='word_1_225' title='bbox 1297 4531 1440 4650; x_wconf 84' lang='lat' dir='ltr'><strong>capite</strong></span> <span class='ocrx_word' id='word_1_226' title='bbox 1467 4530 1754 4648; x_wconf 88' lang='lat' dir='ltr'><strong>continuaque</strong></span> <span class='ocrx_word' id='word_1_227' title='bbox 1777 4521 1934 4616; x_wconf 61' lang='lat' dir='ltr'><strong>cerri-³</strong></span> 
     </span>
     <span class='ocr_line' id='line_1_27' title="bbox 222 4685 1054 4807; baseline -0.008 -26"><span class='ocrx_word' id='word_1_228' title='bbox 222 4719 276 4781; x_wconf 82' lang='lat' dir='ltr'><strong>ce</strong></span> <span class='ocrx_word' id='word_1_229' title='bbox 305 4693 520 4807; x_wconf 84' lang='lat' dir='ltr'><strong>caudaque</strong></span> <span class='ocrx_word' id='word_1_230' title='bbox 542 4689 690 4795; x_wconf 47' lang='lat' dir='ltr'><strong>albis.</strong></span> <span class='ocrx_word' id='word_1_231' title='bbox 705 4687 885 4807; x_wconf 88' lang='lat' dir='ltr'><strong>pedibus</strong></span> <span class='ocrx_word' id='word_1_232' title='bbox 913 4685 1054 4774; x_wconf 84' lang='lat' dir='ltr'><strong>fulvis.</strong></span> 
     </span>
     <span class='ocr_line' id='line_1_28' title="bbox 272 4819 1908 4960; baseline -0.006 -27"><span class='ocrx_word' id='word_1_233' title='bbox 272 4843 276 4848; x_wconf 66' lang='grc'><strong>’</strong></span> <span class='ocrx_word' id='word_1_234' title='bbox 450 4845 805 4950; x_wconf 89' lang='lat' dir='ltr'><strong>PaintedDuck,</strong></span> <span class='ocrx_word' id='word_1_235' title='bbox 834 4845 1118 4930; x_wconf 68' lang='lat' dir='ltr'><strong>lactamus.</strong></span> <span class='ocrx_word' id='word_1_236' title='bbox 1148 4847 1219 4930; x_wconf 77' lang='lat' dir='ltr'><strong>Vl.</strong></span> <span class='ocrx_word' id='word_1_237' title='bbox 1249 4875 1289 4960; x_wconf 82' lang='lat' dir='ltr'><strong>p.</strong></span> <span class='ocrx_word' id='word_1_238' title='bbox 1318 4853 1414 4949; x_wconf 79' lang='grc'><strong>443.</strong></span> <span class='ocrx_word' id='word_1_239' title='bbox 1443 4873 1484 4928; x_wconf 84' lang='lat' dir='ltr'><strong>n.</strong></span> <span class='ocrx_word' id='word_1_240' title='bbox 1513 4875 1552 4950; x_wconf 86' lang='lat'><strong>9.</strong></span> <span class='ocrx_word' id='word_1_241' title='bbox 1580 4819 1706 4930; x_wconf 76' lang='lat' dir='ltr'><strong>Coeli.</strong></span> <span class='ocrx_word' id='word_1_242' title='bbox 1729 4847 1776 4928; x_wconf 78' lang='lat' dir='ltr'><strong>is.</strong></span> <span class='ocrx_word' id='word_1_243' title='bbox 1804 4839 1837 4924; x_wconf 68' lang='lat' dir='ltr'><em>E</em></span> <span class='ocrx_word' id='word_1_244' title='bbox 1866 4864 1908 4952; x_wconf 77' lang='lat' dir='ltr'><strong>p.</strong></span> 
     </span>
     <span class='ocr_line' id='line_1_29' title="bbox 505 5001 1401 5117; baseline -0.009 -26"><span class='ocrx_word' id='word_1_245' title='bbox 505 5015 572 5114; x_wconf 83' lang='lat'><strong>96.</strong></span> <span class='ocrx_word' id='word_1_246' title='bbox 602 5003 774 5088; x_wconf 85' lang='lat' dir='ltr'><strong>Gmelin.</strong></span> <span class='ocrx_word' id='word_1_247' title='bbox 803 5018 908 5116; x_wconf 84' lang='lat' dir='ltr'><strong>syst.</strong></span> <span class='ocrx_word' id='word_1_248' title='bbox 939 5001 1017 5083; x_wconf 85' lang='grc' dir='ltr'><strong>ΙΙΙ.</strong></span> <span class='ocrx_word' id='word_1_249' title='bbox 1046 5031 1088 5117; x_wconf 84' lang='lat' dir='ltr'><strong>p.</strong></span> <span class='ocrx_word' id='word_1_250' title='bbox 1120 5011 1213 5106; x_wconf 77' lang='lat'><strong>504.</strong></span> <span class='ocrx_word' id='word_1_251' title='bbox 1242 5027 1304 5113; x_wconf 75' lang='lat' dir='ltr'><strong>sp·</strong></span> <span class='ocrx_word' id='word_1_252' title='bbox 1335 5007 1401 5089; x_wconf 70' lang='lat'><strong>55.</strong></span> 
     </span>
     <span class='ocr_line' id='line_1_30' title="bbox 937 5155 1530 5238; baseline -0.013 5"><span class='ocrx_word' id='word_1_253' title='bbox 937 5155 945 5168; x_wconf 82' lang='grc'><strong>’</strong></span> <span class='ocrx_word' id='word_1_254' title='bbox 1477 5159 1530 5238; x_wconf 80' lang='lat'><strong>30</strong></span> 
     </span>
    </p>
   </div>
   <div class='ocr_carea' id='block_1_6' title="bbox 0 0 2352 6052">
    <p class='ocr_par' dir='ltr' id='par_1_7' title="bbox 0 0 2352 6052">
     <span class='ocr_line' id='line_1_31' title="bbox 0 0 2352 6052; baseline 0 0"><span class='ocrx_word' id='word_1_255' title='bbox 0 0 2352 6052; x_wconf 95' lang='lat' dir='ltr'><strong> </strong></span> 
     </span>
    </p>
   </div>
  </div>
 </body>
</html>
