4778 6044
917 621 1047 732 LVL
1123 615 1800 729 PELECANUS.

1220 882 1531 902 m

652 1083 895 1180 Pelecanos,
923 1109 1021 1165 cum
1046 1082 1338 1179 Brittonio,
1367 1107 1391 1160 a
1418 1077 1834 1164 Phalacrocoracr'bus
1861 1101 1904 1164 et
1920 1082 2028 1166 Sulis
2056 1079 2189 1166 distin·

515 1233 589 1354 gui
617 1237 772 1321 debere
802 1255 972 1318 autumo
1000 1237 1154 1318 eodem
1181 1239 1299 1345 jure,
1328 1258 1413 1342 quo
1441 1235 1599 1334 Grues,
1630 1230 1827 1316 Ciconias
1855 1255 1899 1316 et
1927 1235 2099 1336 Ardeae,
2128 1235 2189 1317 rel

517 1392 715 1506 CygnoS,
768 1391 949 1470 Anseres
991 1408 1035 1470 et
1072 1389 1256 1486 Anates,
1315 1383 1439 1466 valde
1466 1383 1571 1468 licet
1598 1383 1738 1468 affinia
1766 1413 1931 1496 genera.
2002 1385 2192 1496 Quamvis

511 1543 628 1628 enim
666 1537 867 1655 pedibus,
926 1568 1029 1653 quos
1070 1557 1224 1622 vocant
1265 1537 1456 1650 plaucos,
1515 1567 1590 1622 seu
1630 1534 1824 1622 omnibus
1852 1559 2029 1650 quatuor
2058 1537 2192 1652 digitis
2347 1511 2348 1532 ι

513 1695 757 1782 membrana
784 1690 980 1808 palmatis
1006 1719 1087 1774 nec
1115 1719 1201 1772 nou
1229 1689 1397 1771 defectu
1424 1688 1593 1804 linguae
1618 1709 1663 1772 et
1687 1687 1871 1793 narium,
1900 1688 2193 1804 congenitaque

516 1847 699 1963 quadam
725 1841 1011 1958 turpitudine,
1040 1841 1153 1927 inter
1181 1869 1224 1924 se
1254 1838 1509 1924 conveniant
1538 1864 1582 1925 et
1608 1845 1660 1928 ab
1678 1841 1872 1928 omnibus
1887 1840 1981 1925 aliis
1998 1839 2193 1956 aquaticis

517 1999 738 2098 differant,
791 2017 934 2078 tamen
963 1993 1007 2078 in
1038 1997 1170 2078 forma
1199 1991 1322 2076 rostri
1350 1992 1450 2076 satis
1478 1994 1718 2097 evidentes,
1770 2023 1847 2109 pro
1875 1991 2196 2078 determinandis

517 2147 762 2264 generibus,
804 2144 1068 2231 characteres
1098 2169 1310 2261 apparent.
1369 2151 1424 2228 Et
1451 2145 1487 2229 si
1514 2145 1560 2230 in
1588 2145 1672 2234 hoc
1699 2146 1866 2263 priore,
1894 2167 2010 2230 certe
2041 2142 2085 2229 in
2112 2143 2198 2227 reli·

516 2301 611 2415 quis
639 2301 801 2382 duobus
830 2295 1052 2412 generibus
1080 2327 1165 2380 non
1194 2300 1312 2382 deest
1333 2296 1566 2411 specierum
1582 2329 1798 2396 numerus,
1825 2295 2070 2383 charactere
2086 2291 2198 2381 rostri

518 2451 844 2570 simillimamm.
910 2451 1033 2534 Solos
1059 2471 1276 2565 praeterea
1303 2447 1478 2534 vivendi
1505 2473 1550 2535 et
1574 2450 1769 2567 piscandi
1796 2453 1944 2534 modus
1972 2471 2019 2534 et
2045 2447 2198 2532 volatus

516 2601 780 2719 expeditior,
836 2601 899 2686 ita
927 2633 952 2684 a
980 2599 1347 2687 Phalacrocoracis
1384 2602 1499 2718 turpi
1526 2633 1681 2718 genere
1712 2603 1961 2716 distinguit,
2021 2621 2070 2686 ut
2096 2595 2199 2684 nihil

517 2753 773 2876 expeditius.
828 2751 967 2840 Unica
993 2775 1158 2838 tantum
1185 2751 1382 2838 Pelecani
1409 2756 1572 2870 species
1599 2757 1644 2842 in
1673 2763 1839 2872 Europa
1868 2751 2080 2841 occurrit:

775 3003 893 3100 361.
975 3001 1476 3098 PELECANUS
1508 3036 1511 3052 ·
1549 3009 1947 3100 Onocrotolus.

652 3218 701 3302 P.
731 3214 870 3314 albus,
909 3211 1141 3328 remigibus
1166 3211 1320 3327 nigris,
1366 3215 1613 3304 rectricibus
1639 3241 1831 3305 extremo
1857 3212 2200 3304 luscescentibus.
2347 3307 2348 3322 ,

737 3365 1019 3454 Onocrotalus
1046 3395 1120 3450 seu
1148 3371 1317 3479 Mergus
1345 3368 1471 3472 Olor,
1508 3371 1662 3454 Frisclr.
1690 3401 1756 3456 av.
1786 3373 1870 3458 tob.
1907 3385 1997 3458 165.

738 3516 1041 3621 Onocrotalus,
1081 3518 1277 3602 Edward.
1306 3551 1372 3604 av.
1401 3523 1458 3605 Π.
1486 3522 1571 3608 tab.
1602 3533 1669 3630 ρὰ.
1696 3523 1822 3609 mala.
1854 3523 2080 3610 D’aubart.
2108 3525 2197 3634 pict.
2347 3515 2348 3518 ¹

801 3669 887 3754 tab.
918 3681 985 3780 87.
1012 3671 1174 3755 Morsil.
1202 3671 1312 3754 Dan.
1342 3674 1391 3757 V.
1421 3674 1505 3758 tob.
1535 3687 1600 3764 ³5.

742 3823 882 3936 Vogel
909 3823 1073 3923 Babbe,
1103 3821 1374 3936 De-Bruyn.
1400 3835 1447 3910 t't.
1473 3827 1604 3915 Mose.
1634 3859 1675 3944 p.
1702 3843 1800 3938 439.
1827 3834 1934 3914 icon.

733 3975 964 4060 Pelecanua
1000 3975 1309 4082 Onocrotalus,
1363 3979 1452 4065 Lin.
1481 4001 1587 4093 synt.
1614 3981 1711 4067 ΧΗ.
1738 3985 1774 4070 Ι.
1762 4015 1846 4098 ..p
1876 3995 1969 4070 215.
1997 4009 2066 4096 sp.
2102 4007 2137 4062 r.
2162 4005 2199 4056 a·

792 4125 1492 4248 Brason.0m.V1.p.519.sp.
1527 4169 1561 4220 r.

737 4277 892 4364 white
921 4273 1119 4378 Peliean,
1171 4279 1295 4365 Peon.
1322 4283 1443 4374 Zool.
1473 4307 1575 4375 aret
1602 4289 1853 4406 11.p.t7o
1909 4287 2107 4372 Latium
2136 4307 2196 4366 ott·

792 4433 1062 4545 V1.p.57s
2347 4463 2348 4522 l

629 4579 806 4670 Rossice
833 4579 953 4667 Baba
980 4593 1094 4698 ptizo
1122 4586 1244 4696 (anus
1272 4585 1395 4704 aris).

623 4733 810 4819 Arabice
838 4737 1002 4859 Kcrltes.

619 4883 787 4974 Persice
814 4859 984 5000 Murgi·
1004 4889 1148 5002 Soefrt.
