4778 6044
988 417 1134 464 m
1813 425 1901 506 279

216 631 277 708 2⁹¹.
319 623 442 706 ulnae
486 629 542 704 δ”.
578 625 645 728 ᾤ’.
685 615 817 704 tibiae
865 627 919 704 1''.
963 628 1029 705 6’”.
1076 617 1364 733 digitimedii
1393 646 1436 707 et
1464 623 1694 726 exteriores
1723 635 1780 713 2⁰.
1816 627 1896 721 rem.

214 775 493 886 Labyrinthus
533 769 732 856 tracheae
772 772 892 856 nucis
934 771 1176 858 moechatae
1219 775 1354 874 mole,
1425 773 1811 892 haemisphaericus
1851 779 1898 866 in

215 957 343 1012 mare.
372 975 429 991 -
454 929 729 1010 Foeminoe
769 923 1026 1010 constantior
1053 925 1193 1010 color:
1248 928 1360 1012 Areu
1388 926 1594 1043 utrinque
1616 929 1899 1016 semicircula-

214 1076 289 1183 ris,
319 1077 432 1163 inter
457 1099 638 1164 rostrum
663 1075 890 1190 oculosque
920 1077 1038 1176 alba3
1088 1107 1164 1193 per
1189 1078 1395 1164 verticem
1424 1103 1595 1194 angusta
1623 1081 1751 1166 fascia
1779 1084 1899 1196 nigra

216 1234 270 1316 ad
297 1253 476 1316 rostrum
505 1252 702 1327 extensa3
759 1250 914 1314 tractus
942 1229 1107 1315 albidus
1137 1233 1188 1317 ab
1218 1231 1342 1316 oculo
1369 1232 1565 1346 utrinque
1595 1262 1735 1318 versus
1764 1235 1899 1319 cervi·

213 1415 319 1472 cem.
390 1385 554 1468 Collum
581 1382 760 1486 fuscum,
808 1381 951 1467 medio
978 1383 1175 1500 utrinque
1204 1415 1300 1468 area
1327 1384 1431 1488 lata,
1473 1384 1761 1472 cinerascente
1790 1389 1900 1486 alba,

211 1561 458 1624 transversa.
516 1535 755 1646 (Quaedam
783 1534 1012 1639 foeminae,
1055 1536 1102 1620 in
1131 1537 1306 1640 Sibiria,
1349 1537 1503 1653 capite,
1535 1539 1647 1623 collo
1677 1561 1721 1624 et
1748 1569 1897 1655 corpus

211 1693 355 1776 subtus
389 1709 527 1773 totum
568 1687 684 1790 alba,
751 1708 961 1801 tempora,
1018 1687 1180 1774 medius
1219 1713 1368 1776 vertex
1409 1712 1453 1774 et
1491 1688 1706 1805 parotides
1744 1692 1900 1776 leviter

209 1843 460 1928 firscescunt.
518 1840 664 1927 Cauda
692 1869 858 1955 semper
885 1840 1143 1954 abbreviata)
1175 1846 1336 1959 Corpus
1363 1874 1488 1956 supra
1517 1845 1698 1947 fuscum,
1747 1873 1898 1958 gryseo

209 2016 491 2110 squamatum,
547 1990 693 2081 subtus
733 1993 899 2092 album,
955 1992 1125 2079 cinereo
1142 2047 1157 2058 -
1172 1996 1433 2092 nebulosum.
1502 1996 1674 2080 Gaudos
1699 1996 1901 2082 rectrices

207 2147 402 2232 laterales
446 2148 591 2249 albae,
649 2145 816 2234 mediae
856 2177 1003 2260 parum
1031 2149 1266 2261 elongatae.
1306 2199 1364 2214 -
1400 2153 1636 2260 Infantilem
1662 2149 1825 2234 turbam
1850 2147 1898 2234 in

203 2297 347 2415 lngria
393 2323 592 2385 autumno
632 2294 848 2412 copiosam
888 2295 948 2381 sic
991 2299 1222 2414 descripsi:
1275 2303 1468 2385 Rostrum
1494 2299 1606 2404 basi,
1649 2299 1897 2417 praesertim

206 2451 411 2537 lateribus
438 2451 639 2554 lividum,
683 2450 804 2564 apice
832 2449 1025 2563 nigrum,
1067 2454 1201 2535 forma
1229 2473 1276 2535 ut
1303 2475 1348 2536 et
1374 2451 1545 2537 habitus
1574 2451 1781 2570 corporis,
1822 2485 1893 2568 pa·

202 2626 388 2690 rentum.
443 2607 574 2690 ludes
601 2605 1040 2688 lutescente-fuscae.
1094 2607 1135 2688 V
1132 2624 1244 2689 erton
1272 2605 1463 2688 obsoleto
1492 2603 1637 2718 niger3
1660 2613 1766 2716 gula
1792 2607 1894 2688 late·

203 2789 335 2873 raque
380 2757 531 2876 capitis
571 2755 923 2855 cinereo-fusoa3
980 2763 1112 2841 latera
1154 2762 1252 2842 colli
1293 2775 1336 2840 et
1374 2763 1501 2842 lituro
1539 2785 1652 2872 pone
1692 2761 1890 2844 oculose

204 2909 494 2997 cinerescente
524 2909 753 3008 albidiora,
807 2909 853 2992 in
880 2907 1131 3021 quibusdam
1159 2908 1439 2993 candicantia.
1518 2911 1697 2995 Dorsum
1726 2933 1769 2994 et
1798 2919 1891 2996 aloe

203 3062 436 3150 exsoletius
465 3061 608 3176 nigra3
652 3061 698 3144 in
728 3058 977 3174 quibusdam
1004 3060 1347 3174 interscapulium
1376 3060 1518 3146 limbis
1548 3062 1672 3146 fuscis
1701 3065 1771 3146 vel
1793 3075 1893 3176 'gry-

204 3213 289 3300 seis
317 3219 642 3330 subsqamatum.
710 3212 917 3301 Omnibus
946 3219 1039 3338 ulae
1067 3223 1229 3328 spuriae
1265 3213 1522 3325 marginibus
1549 3215 1786 3329 plumarum
1815 3215 1892 3301 oli-

203 3367 505 3454 vareo-fuscis
554 3368 624 3452 vel
672 3365 908 3480 subgryseis
957 3365 1214 3480 inquinatae.
1299 3370 1515 3481 Speculum
1561 3367 1672 3450 alare
1714 3366 1891 3450 nullum.

201 3527 397 3634 Remiges
438 3535 503 3606 26.
533 3551 676 3605 canae.
744 3521 851 3604 Alae
878 3520 1019 3605 subtus
1049 3517 1471 3631 lusco-fuliginosas,
1527 3518 1793 3634 compositae
1817 3518 1891 3606 vix

204 3671 460 3789 uropygium
491 3677 758 3758 excedentes.
815 3672 963 3758 Gauda
992 3693 1132 3776 acuta,
1181 3668 1427 3754 rectricibus
1464 3671 1704 3780 14.fuscis,
1737 3671 1889 3758 mediis
1950 3715 1961 3738 .

208 3863 252 3912 a.
282 3824 561 3938 nigrioribus,
600 3824 781 3911 detritis.
837 3825 988 3908 Subtus
1015 3851 1164 3936 corpus
1194 3824 1357 3922 album,
1394 3824 1550 3933 sagulo
1576 3851 1727 3934 gryseo
1753 3823 1894 3936 fuligi-

204 4005 376 4091 neoque
406 3979 626 4080 nebuloso,
657 3976 857 4062 lateribus
885 3972 1228 4058 luscescentibus.
1287 3975 1416 4059 Pedes
1443 3973 1580 4058 livido
1607 4003 1686 4056 seu
1708 3975 1891 4057 coerule-

203 4129 543 4233 acenti-albidi,
573 4128 761 4214 articulis
790 4125 1126 4240 membranisque
1154 4125 1307 4228 fuscis3
1357 4129 1528 4212 Palmae
1552 4127 1724 4238 longae,
1765 4127 1895 4211 tibiae

203 4305 375 4382 curtae,
403 4280 589 4368 exterior
616 4280 761 4367 medio
789 4283 875 4367 sere
903 4279 1089 4394 longior,
1116 4287 1282 4364 interior
1311 4278 1454 4364 brevis
1481 4299 1525 4360 et
1553 4276 1719 4362 fimbria
1745 4277 1892 4362 bilobo

202 4437 431 4522 latiuscule
470 4435 622 4532 alatur,
660 4457 707 4519 ut
747 4455 790 4520 et
828 4443 1020 4550 posticus.
1092 4437 1141 4514 In
1170 4431 1366 4516 masculis
1398 4429 1530 4547 pullis
1551 4435 1739 4542 genitale
1760 4430 1893 4513 breve

203 4589 280 4680 5¹⁹,
337 4585 688 4691 lumbricilorme,
728 4589 1065 4689 subcontortum,
1103 4586 1248 4688 laeve,
1283 4584 1398 4669 inter
1421 4581 1493 4668 ani
1518 4561 1642 4696 urges
1665 4586 1892 4666 introrsum

202 4739 454 4858 repositum.
523 4743 736 4826 Mensurae
764 4739 960 4824 maximis
990 4740 1043 4823 ad
1082 4737 1334 4854 uropygium
1367 4741 1452 4821 μί’.
1479 4737 1553 4822 6””.
1579 4731 1707 4824 rostri
1739 4737 1795 4816 ι’.
1821 4739 1896 4820 δ”.

203 4896 367 4982 caudae
394 4895 454 4982 a''.
484 4893 554 4982 3”’.
584 4923 610 4976 a
643 4923 805 4980 stumno
838 4914 972 4978 rostro
1003 4895 1057 4978 ad
1097 4891 1294 4978 humeros
1325 4903 1389 4976 δ”.
1424 4915 1709 5004 expansarum
1732 4885 1893 4988 alarum
