<?xml version="1.0" encoding="UTF-8"?>
<!DOCTYPE html PUBLIC "-//W3C//DTD XHTML 1.0 Transitional//EN"
    "http://www.w3.org/TR/xhtml1/DTD/xhtml1-transitional.dtd">
<html xmlns="http://www.w3.org/1999/xhtml" xml:lang="en" lang="en">
 <head>
  <title>
</title>
<meta http-equiv="Content-Type" content="text/html;charset=utf-8" />
  <meta name='ocr-system' content='tesseract 3.04.00' />
  <meta name='ocr-capabilities' content='ocr_page ocr_carea ocr_par ocr_line ocrx_word'/>
</head>
<body>
  <div class='ocr_page' id='page_1' title='image "./zoographiarosso02pallgoog_0261.png"; bbox 0 0 4696 6054; ppageno 0'>
   <div class='ocr_carea' id='block_1_1' title="bbox 482 487 1407 606">
    <p class='ocr_par' dir='ltr' id='par_1_1' title="bbox 482 487 1407 606">
     <span class='ocr_line' id='line_1_1' title="bbox 482 487 1407 606; baseline -0.009 -22"><span class='ocrx_word' id='word_1_1' title='bbox 482 499 578 606; x_wconf 27' lang='lat'><strong>2¹28</strong></span> <span class='ocrx_word' id='word_1_2' title='bbox 1182 487 1186 494; x_wconf 81' lang='grc'>’</span> <span class='ocrx_word' id='word_1_3' title='bbox 1261 509 1407 560; x_wconf 56' lang='lat' dir='ltr'><strong>m</strong></span> 
     </span>
    </p>
   </div>
   <div class='ocr_carea' id='block_1_2' title="bbox 479 680 2174 3122">
    <p class='ocr_par' dir='ltr' id='par_1_2' title="bbox 479 680 2166 1751">
     <span class='ocr_line' id='line_1_2' title="bbox 485 680 2160 814; baseline -0.005 -6"><span class='ocrx_word' id='word_1_4' title='bbox 485 718 611 808; x_wconf 86' lang='lat' dir='ltr'><strong>Circa</strong></span> <span class='ocrx_word' id='word_1_5' title='bbox 637 721 784 804; x_wconf 77' lang='lat' dir='ltr'><strong>lanam</strong></span> <span class='ocrx_word' id='word_1_6' title='bbox 811 715 987 804; x_wconf 84' lang='lat' dir='ltr'><strong>fluvium</strong></span> <span class='ocrx_word' id='word_1_7' title='bbox 1015 711 1200 800; x_wconf 86' lang='lat' dir='ltr'><strong>maxime</strong></span> <span class='ocrx_word' id='word_1_8' title='bbox 1230 680 1470 814; x_wconf 78' lang='lat' dir='ltr'><strong>abundant,</strong></span> <span class='ocrx_word' id='word_1_9' title='bbox 1505 711 1567 797; x_wconf 86' lang='lat' dir='ltr'><strong>ita</strong></span> <span class='ocrx_word' id='word_1_10' title='bbox 1594 734 1641 798; x_wconf 90' lang='lat' dir='ltr'><strong>ut</strong></span> <span class='ocrx_word' id='word_1_11' title='bbox 1667 709 1734 797; x_wconf 92' lang='lat' dir='ltr'><strong>ibi</strong></span> <span class='ocrx_word' id='word_1_12' title='bbox 1759 707 1955 798; x_wconf 89' lang='lat' dir='ltr'><strong>homines</strong></span> <span class='ocrx_word' id='word_1_13' title='bbox 1981 721 2026 796; x_wconf 84' lang='lat' dir='ltr'><strong>et&#39;</strong></span> <span class='ocrx_word' id='word_1_14' title='bbox 2049 743 2160 800; x_wconf 85' lang='lat' dir='ltr'><strong>canes</strong></span> 
     </span>
     <span class='ocr_line' id='line_1_3' title="bbox 479 853 2163 992; baseline -0.003 -34"><span class='ocrx_word' id='word_1_15' title='bbox 479 903 560 992; x_wconf 90' lang='lat' dir='ltr'><strong>per</strong></span> <span class='ocrx_word' id='word_1_16' title='bbox 585 892 722 956; x_wconf 88' lang='lat' dir='ltr'><strong>totam</strong></span> <span class='ocrx_word' id='word_1_17' title='bbox 758 867 961 984; x_wconf 87' lang='lat' dir='ltr'>hyemem</span> <span class='ocrx_word' id='word_1_18' title='bbox 990 869 1045 954; x_wconf 91' lang='lat' dir='ltr'><strong>iis</strong></span> <span class='ocrx_word' id='word_1_19' title='bbox 1074 869 1250 954; x_wconf 82' lang='lat' dir='ltr'><strong>alantur.</strong></span> <span class='ocrx_word' id='word_1_20' title='bbox 1322 865 1518 951; x_wconf 79' lang='lat' dir='ltr'>Rariores</span> <span class='ocrx_word' id='word_1_21' title='bbox 1554 853 1751 952; x_wconf 85' lang='lat' dir='ltr'><strong>dicuntur</strong></span> <span class='ocrx_word' id='word_1_22' title='bbox 1778 865 1831 950; x_wconf 92' lang='lat' dir='ltr'><strong>ad</strong></span> <span class='ocrx_word' id='word_1_23' title='bbox 1873 864 2101 978; x_wconf 84' lang='lat' dir='ltr'><strong>Covymarn</strong></span> <span class='ocrx_word' id='word_1_24' title='bbox 2124 893 2163 954; x_wconf 90' lang='lat' dir='ltr'><strong>et</strong></span> 
     </span>
     <span class='ocr_line' id='line_1_4' title="bbox 482 1014 2165 1139; baseline -0.004 -29"><span class='ocrx_word' id='word_1_25' title='bbox 482 1022 744 1139; x_wconf 85' lang='lat' dir='ltr'><strong>Indigirkam</strong></span> <span class='ocrx_word' id='word_1_26' title='bbox 780 1053 886 1110; x_wconf 86' lang='lat' dir='ltr'><strong>esse.</strong></span> <span class='ocrx_word' id='word_1_27' title='bbox 956 1021 1178 1108; x_wconf 89' lang='lat' dir='ltr'><strong>Rarissimi</strong></span> <span class='ocrx_word' id='word_1_28' title='bbox 1215 1040 1417 1134; x_wconf 82' lang='lat' dir='ltr'><strong>apparent</strong></span> <span class='ocrx_word' id='word_1_29' title='bbox 1449 1014 2165 1104; x_wconf 85' lang='lat' dir='ltr'><strong>in.Camtschatca·adluracon1m</strong></span> 
     </span>
     <span class='ocr_line' id='line_1_5' title="bbox 480 1167 2165 1288; baseline -0.005 -23"><span class='ocrx_word' id='word_1_30' title='bbox 480 1177 600 1266; x_wconf 88' lang='lat' dir='ltr'><strong>littus</strong></span> <span class='ocrx_word' id='word_1_31' title='bbox 646 1197 689 1262; x_wconf 88' lang='lat' dir='ltr'><strong>et</strong></span> <span class='ocrx_word' id='word_1_32' title='bbox 726 1175 838 1262; x_wconf 89' lang='lat' dir='ltr'><strong>circa</strong></span> <span class='ocrx_word' id='word_1_33' title='bbox 880 1179 1092 1264; x_wconf 88' lang='lat' dir='ltr'><strong>Obensem</strong></span> <span class='ocrx_word' id='word_1_34' title='bbox 1129 1173 1295 1276; x_wconf 90' lang='lat' dir='ltr'><strong>sinum,</strong></span> <span class='ocrx_word' id='word_1_35' title='bbox 1349 1170 1424 1256; x_wconf 92' lang='lat' dir='ltr'><strong>ubi</strong></span> <span class='ocrx_word' id='word_1_36' title='bbox 1451 1193 1641 1256; x_wconf 86' lang='lat' dir='ltr'><strong>extrema</strong></span> <span class='ocrx_word' id='word_1_37' title='bbox 1675 1167 1964 1288; x_wconf 84' lang='lat' dir='ltr'><strong>promontoria</strong></span> <span class='ocrx_word' id='word_1_38' title='bbox 1991 1169 2035 1254; x_wconf 94' lang='lat' dir='ltr'><strong>in</strong></span> <span class='ocrx_word' id='word_1_39' title='bbox 2061 1201 2165 1257; x_wconf 85' lang='lat' dir='ltr'><strong>marc</strong></span> 
     </span>
     <span class='ocr_line' id='line_1_6' title="bbox 485 1321 2166 1446; baseline -0.004 -30"><span class='ocrx_word' id='word_1_40' title='bbox 485 1329 664 1446; x_wconf 81' lang='lat' dir='ltr'><strong>glaciale</strong></span> <span class='ocrx_word' id='word_1_41' title='bbox 693 1353 915 1444; x_wconf 88' lang='lat' dir='ltr'><strong>protensa,</strong></span> <span class='ocrx_word' id='word_1_42' title='bbox 971 1351 1019 1414; x_wconf 90' lang='lat' dir='ltr'><strong>ut</strong></span> <span class='ocrx_word' id='word_1_43' title='bbox 1047 1351 1090 1412; x_wconf 94' lang='lat' dir='ltr'><strong>et</strong></span> <span class='ocrx_word' id='word_1_44' title='bbox 1118 1326 1420 1428; x_wconf 90' lang='lat' dir='ltr'><strong>Taimurense,</strong></span> <span class='ocrx_word' id='word_1_45' title='bbox 1466 1325 1627 1410; x_wconf 87' lang='lat' dir='ltr'><strong>colunt.</strong></span> <span class='ocrx_word' id='word_1_46' title='bbox 1695 1321 1927 1436; x_wconf 88' lang='lat' dir='ltr'><strong>Migrantes</strong></span> <span class='ocrx_word' id='word_1_47' title='bbox 1955 1321 2044 1407; x_wconf 93' lang='lat' dir='ltr'><strong>sine</strong></span> <span class='ocrx_word' id='word_1_48' title='bbox 2071 1355 2166 1410; x_wconf 82' lang='lat' dir='ltr'><strong>voce</strong></span> 
     </span>
     <span class='ocr_line' id='line_1_7' title="bbox 484 1473 2166 1590; baseline -0.007 -19"><span class='ocrx_word' id='word_1_49' title='bbox 484 1483 645 1572; x_wconf 81' lang='lat' dir='ltr'><strong>rolant.</strong></span> <span class='ocrx_word' id='word_1_50' title='bbox 726 1483 797 1568; x_wconf 88' lang='lat' dir='ltr'><strong>Ad</strong></span> <span class='ocrx_word' id='word_1_51' title='bbox 839 1485 986 1570; x_wconf 92' lang='lat' dir='ltr'><strong>Obum</strong></span> <span class='ocrx_word' id='word_1_52' title='bbox 1026 1479 1276 1566; x_wconf 86' lang='lat' dir='ltr'><strong>interiorem</strong></span> <span class='ocrx_word' id='word_1_53' title='bbox 1313 1507 1525 1590; x_wconf 88' lang='lat' dir='ltr'><strong>nunquam</strong></span> <span class='ocrx_word' id='word_1_54' title='bbox 1567 1477 1654 1562; x_wconf 86' lang='lat' dir='ltr'><strong>fere</strong></span> <span class='ocrx_word' id='word_1_55' title='bbox 1695 1473 1931 1562; x_wconf 83' lang='lat' dir='ltr'><strong>consident.</strong></span> <span class='ocrx_word' id='word_1_56' title='bbox 2015 1475 2166 1562; x_wconf 88' lang='lat' dir='ltr'><strong>Ostiaci</strong></span> 
     </span>
     <span class='ocr_line' id='line_1_8' title="bbox 485 1629 1610 1751; baseline -0.008 -27"><span class='ocrx_word' id='word_1_57' title='bbox 485 1635 682 1750; x_wconf 84' lang='lat' dir='ltr'><strong>Cygnum</strong></span> <span class='ocrx_word' id='word_1_58' title='bbox 711 1663 966 1751; x_wconf 81' lang='lat' dir='ltr'><strong>pygmaeum</strong></span> <span class='ocrx_word' id='word_1_59' title='bbox 997 1653 1193 1749; x_wconf 89' lang='lat' dir='ltr'><strong>reputant</strong></span> <span class='ocrx_word' id='word_1_60' title='bbox 1221 1652 1264 1717; x_wconf 89' lang='lat' dir='ltr'><strong>et</strong></span> <span class='ocrx_word' id='word_1_61' title='bbox 1290 1629 1351 1715; x_wconf 91' lang='lat' dir='ltr'><strong>sic</strong></span> <span class='ocrx_word' id='word_1_62' title='bbox 1381 1631 1610 1746; x_wconf 85' lang='lat' dir='ltr'><strong>appellant.</strong></span> 
     </span>
    </p>

    <p class='ocr_par' dir='ltr' id='par_1_3' title="bbox 482 1782 2174 3122">
     <span class='ocr_line' id='line_1_9' title="bbox 628 1782 2169 1912; baseline 0.001 -41"><span class='ocrx_word' id='word_1_63' title='bbox 628 1789 805 1912; x_wconf 77' lang='lat' dir='ltr'><strong>Deser.</strong></span> <span class='ocrx_word' id='word_1_64' title='bbox 870 1787 1119 1900; x_wconf 80' lang='lat' dir='ltr'><strong>Magnitudo</strong></span> <span class='ocrx_word' id='word_1_65' title='bbox 1160 1785 1269 1872; x_wconf 86' lang='lat' dir='ltr'><strong>infra</strong></span> <span class='ocrx_word' id='word_1_66' title='bbox 1308 1789 1364 1868; x_wconf 89' lang='lat' dir='ltr'><strong>A.</strong></span> <span class='ocrx_word' id='word_1_67' title='bbox 1409 1782 1636 1897; x_wconf 83' lang='lat' dir='ltr'><strong>vulgarem.</strong></span> <span class='ocrx_word' id='word_1_68' title='bbox 1707 1785 1899 1868; x_wconf 78' lang='lat' dir='ltr'><strong>Rostrum</strong></span> <span class='ocrx_word' id='word_1_69' title='bbox 1941 1785 2169 1872; x_wconf 86' lang='lat' dir='ltr'><strong>anserinum</strong></span> 
     </span>
     <span class='ocr_line' id='line_1_10' title="bbox 484 1935 2169 2060; baseline -0.003 -30"><span class='ocrx_word' id='word_1_70' title='bbox 484 1940 793 2044; x_wconf 87' lang='lat' dir='ltr'><strong>ruberrimum,</strong></span> <span class='ocrx_word' id='word_1_71' title='bbox 852 1939 1110 2055; x_wconf 88' lang='lat' dir='ltr'><strong>margiuibus</strong></span> <span class='ocrx_word' id='word_1_72' title='bbox 1146 1938 1415 2024; x_wconf 82' lang='lat' dir='ltr'><strong>maxillarum</strong></span> <span class='ocrx_word' id='word_1_73' title='bbox 1455 1958 1500 2021; x_wconf 86' lang='lat' dir='ltr'><strong>et</strong></span> <span class='ocrx_word' id='word_1_74' title='bbox 1539 1935 1702 2020; x_wconf 89' lang='lat' dir='ltr'><strong>macula</strong></span> <span class='ocrx_word' id='word_1_75' title='bbox 1742 1961 1865 2052; x_wconf 86' lang='lat' dir='ltr'><strong>saepe</strong></span> <span class='ocrx_word' id='word_1_76' title='bbox 1907 1965 2032 2060; x_wconf 69' lang='lat' dir='ltr'><strong>supra</strong></span> <span class='ocrx_word' id='word_1_77' title='bbox 2059 1971 2169 2025; x_wconf 85' lang='lat' dir='ltr'><strong>nares</strong></span> 
     </span>
     <span class='ocr_line' id='line_1_11' title="bbox 483 2087 2172 2210; baseline -0.004 -27"><span class='ocrx_word' id='word_1_78' title='bbox 483 2095 700 2210; x_wconf 84' lang='lat' dir='ltr'><strong>utriusque</strong></span> <span class='ocrx_word' id='word_1_79' title='bbox 730 2097 940 2193; x_wconf 88' lang='lat' dir='ltr'><strong>eburne0,</strong></span> <span class='ocrx_word' id='word_1_80' title='bbox 981 2094 1223 2196; x_wconf 89' lang='lat' dir='ltr'><strong>crenulato,</strong></span> <span class='ocrx_word' id='word_1_81' title='bbox 1278 2089 1528 2206; x_wconf 90' lang='lat' dir='ltr'><strong>quibusdam</strong></span> <span class='ocrx_word' id='word_1_82' title='bbox 1558 2111 1750 2174; x_wconf 85' lang='lat' dir='ltr'><strong>extremo</strong></span> <span class='ocrx_word' id='word_1_83' title='bbox 1783 2087 1918 2204; x_wconf 83' lang='lat' dir='ltr'><strong>niger.</strong></span> <span class='ocrx_word' id='word_1_84' title='bbox 1987 2093 2172 2178; x_wconf 78' lang='lat' dir='ltr'><strong>Polatum</strong></span> 
     </span>
     <span class='ocr_line' id='line_1_12' title="bbox 485 2241 2173 2358; baseline -0.004 -22"><span class='ocrx_word' id='word_1_85' title='bbox 485 2277 640 2336; x_wconf 89' lang='lat' dir='ltr'><strong>novem</strong></span> <span class='ocrx_word' id='word_1_86' title='bbox 669 2245 980 2332; x_wconf 81' lang='lat' dir='ltr'><strong>denticulorum</strong></span> <span class='ocrx_word' id='word_1_87' title='bbox 1008 2244 1230 2331; x_wconf 91' lang='lat' dir='ltr'><strong>ordinibus</strong></span> <span class='ocrx_word' id='word_1_88' title='bbox 1259 2265 1505 2358; x_wconf 86' lang='lat' dir='ltr'><strong>asperatum.</strong></span> <span class='ocrx_word' id='word_1_89' title='bbox 1575 2245 1776 2329; x_wconf 84' lang='lat' dir='ltr'><strong>Froenum</strong></span> <span class='ocrx_word' id='word_1_90' title='bbox 1803 2241 1889 2327; x_wconf 90' lang='lat' dir='ltr'><strong>oris</strong></span> <span class='ocrx_word' id='word_1_91' title='bbox 1918 2272 1942 2326; x_wconf 92' lang='lat' dir='ltr'><strong>e</strong></span> <span class='ocrx_word' id='word_1_92' title='bbox 1972 2243 2173 2331; x_wconf 83' lang='lat' dir='ltr'><strong>violaceo·</strong></span> 
     </span>
     <span class='ocr_line' id='line_1_13' title="bbox 485 2393 2173 2514; baseline -0.004 -28"><span class='ocrx_word' id='word_1_93' title='bbox 485 2403 651 2498; x_wconf 78' lang='lat' dir='ltr'><strong>rubeos.</strong></span> <span class='ocrx_word' id='word_1_94' title='bbox 707 2399 839 2488; x_wconf 78' lang='lat' dir='ltr'><strong>Irides</strong></span> <span class='ocrx_word' id='word_1_95' title='bbox 867 2400 1021 2484; x_wconf 80' lang='lat' dir='ltr'><strong>fuscae.</strong></span> <span class='ocrx_word' id='word_1_96' title='bbox 1078 2401 1238 2514; x_wconf 86' lang='lat' dir='ltr'><strong>Corpus</strong></span> <span class='ocrx_word' id='word_1_97' title='bbox 1264 2417 1403 2481; x_wconf 90' lang='lat' dir='ltr'><strong>totum</strong></span> <span class='ocrx_word' id='word_1_98' title='bbox 1430 2396 1529 2480; x_wconf 88' lang='lat' dir='ltr'><strong>nive</strong></span> <span class='ocrx_word' id='word_1_99' title='bbox 1558 2393 1804 2495; x_wconf 84' lang='lat' dir='ltr'><strong>candidius,</strong></span> <span class='ocrx_word' id='word_1_100' title='bbox 1831 2419 2000 2512; x_wconf 87' lang='lat' dir='ltr'><strong>praeter</strong></span> <span class='ocrx_word' id='word_1_101' title='bbox 2023 2399 2173 2482; x_wconf 87' lang='lat' dir='ltr'><strong>alarum</strong></span> 
     </span>
     <span class='ocr_line' id='line_1_14' title="bbox 483 2516 2171 2670; baseline -0.002 -32"><span class='ocrx_word' id='word_1_102' title='bbox 483 2516 642 2670; x_wconf 83' lang='lat' dir='ltr'><strong>pennas</strong></span> <span class='ocrx_word' id='word_1_103' title='bbox 655 2613 669 2651; x_wconf 88' lang='lat'><strong>,</strong></span> <span class='ocrx_word' id='word_1_104' title='bbox 709 2574 754 2637; x_wconf 86' lang='lat' dir='ltr'><strong>et</strong></span> <span class='ocrx_word' id='word_1_105' title='bbox 793 2550 977 2640; x_wconf 81' lang='lat' dir='ltr'><strong>frontem</strong></span> <span class='ocrx_word' id='word_1_106' title='bbox 1018 2551 1317 2634; x_wconf 87' lang='lat' dir='ltr'><strong>lutescentem.</strong></span> <span class='ocrx_word' id='word_1_107' title='bbox 1382 2549 1573 2662; x_wconf 81' lang='lat' dir='ltr'><strong>Remiges</strong></span> <span class='ocrx_word' id='word_1_108' title='bbox 1600 2547 1754 2664; x_wconf 85' lang='lat' dir='ltr'><strong>viginti</strong></span> <span class='ocrx_word' id='word_1_109' title='bbox 1781 2573 1907 2652; x_wconf 91' lang='lat' dir='ltr'><strong>octo,</strong></span> <span class='ocrx_word' id='word_1_110' title='bbox 1949 2549 2171 2665; x_wconf 84' lang='lat' dir='ltr'><strong>primariae</strong></span> 
     </span>
     <span class='ocr_line' id='line_1_15' title="bbox 483 2699 2172 2820; baseline -0.004 -28"><span class='ocrx_word' id='word_1_111' title='bbox 483 2705 656 2820; x_wconf 85' lang='lat' dir='ltr'><strong>nigrae,</strong></span> <span class='ocrx_word' id='word_1_112' title='bbox 698 2701 928 2790; x_wconf 88' lang='lat' dir='ltr'><strong>rhachibus</strong></span> <span class='ocrx_word' id='word_1_113' title='bbox 970 2699 1108 2798; x_wconf 90' lang='lat' dir='ltr'><strong>albis,·</strong></span> <span class='ocrx_word' id='word_1_114' title='bbox 1154 2710 1338 2788; x_wconf 73' lang='lat' dir='ltr'><strong>rectrices</strong></span> <span class='ocrx_word' id='word_1_115' title='bbox 1377 2703 1607 2786; x_wconf 86' lang='lat' dir='ltr'><strong>earundem</strong></span> <span class='ocrx_word' id='word_1_116' title='bbox 1650 2731 1779 2788; x_wconf 86' lang='lat' dir='ltr'><strong>canae</strong></span> <span class='ocrx_word' id='word_1_117' title='bbox 1822 2725 1870 2786; x_wconf 90' lang='lat' dir='ltr'><strong>ut</strong></span> <span class='ocrx_word' id='word_1_118' title='bbox 1906 2713 1955 2788; x_wconf 85' lang='lat' dir='ltr'><strong>et&#39;</strong></span> <span class='ocrx_word' id='word_1_119' title='bbox 1978 2703 2172 2789; x_wconf 81' lang='lat' dir='ltr'><strong>rectrices</strong></span> 
     </span>
     <span class='ocr_line' id='line_1_16' title="bbox 482 2851 2174 2970; baseline -0.005 -24"><span class='ocrx_word' id='word_1_120' title='bbox 482 2859 666 2946; x_wconf 85' lang='lat' dir='ltr'><strong>mediae.</strong></span> <span class='ocrx_word' id='word_1_121' title='bbox 761 2857 890 2946; x_wconf 85' lang='lat' dir='ltr'><strong>Pedes</strong></span> <span class='ocrx_word' id='word_1_122' title='bbox 927 2851 1114 2940; x_wconf 90' lang='lat' dir='ltr'><strong>lateritio</strong></span> <span class='ocrx_word' id='word_1_123' title='bbox 1130 2911 1147 2924; x_wconf 95' lang='lat'><em>-</em></span> <span class='ocrx_word' id='word_1_124' title='bbox 1161 2853 1301 2956; x_wconf 86' lang='lat' dir='ltr'><strong>rubri,</strong></span> <span class='ocrx_word' id='word_1_125' title='bbox 1371 2851 1579 2968; x_wconf 91' lang='lat' dir='ltr'><strong>unguibus</strong></span> <span class='ocrx_word' id='word_1_126' title='bbox 1618 2852 1750 2968; x_wconf 85' lang='lat' dir='ltr'><strong>nigris</strong></span> <span class='ocrx_word' id='word_1_127' title='bbox 1790 2853 2044 2970; x_wconf 85' lang='lat' dir='ltr'><strong>quibasdam</strong></span> <span class='ocrx_word' id='word_1_128' title='bbox 2084 2885 2174 2940; x_wconf 91' lang='lat' dir='ltr'><strong>cum</strong></span> 
     </span>
     <span class='ocr_line' id='line_1_17' title="bbox 484 3004 2172 3122; baseline -0.004 -25"><span class='ocrx_word' id='word_1_129' title='bbox 484 3007 742 3097; x_wconf 86' lang='lat' dir='ltr'><strong>membranis</strong></span> <span class='ocrx_word' id='word_1_130' title='bbox 781 3007 893 3094; x_wconf 89' lang='lat' dir='ltr'><strong>inter</strong></span> <span class='ocrx_word' id='word_1_131' title='bbox 937 3007 1119 3122; x_wconf 88' lang='lat' dir='ltr'><strong>digitos,</strong></span> <span class='ocrx_word' id='word_1_132' title='bbox 1162 3006 1355 3092; x_wconf 90' lang='lat' dir='ltr'><strong>violaceo</strong></span> <span class='ocrx_word' id='word_1_133' title='bbox 1395 3005 1537 3105; x_wconf 87' lang='lat' dir='ltr'><strong>mbri,</strong></span> <span class='ocrx_word' id='word_1_134' title='bbox 1579 3004 1725 3120; x_wconf 85' lang='lat' dir='ltr'><strong>digitis</strong></span> <span class='ocrx_word' id='word_1_135' title='bbox 1766 3005 1903 3092; x_wconf 84' lang='lat' dir='ltr'><strong>fuscis.</strong></span> <span class='ocrx_word' id='word_1_136' title='bbox 1974 3011 2172 3094; x_wconf 78' lang='lat' dir='ltr'><strong>Rectrices</strong></span> 
     </span>
    </p>
   </div>
   <div class='ocr_carea' id='block_1_3' title="bbox 484 3141 2171 3274">
    <p class='ocr_par' dir='ltr' id='par_1_4' title="bbox 484 3141 2171 3274">
     <span class='ocr_line' id='line_1_18' title="bbox 484 3141 2171 3274; baseline -0.005 -24"><span class='ocrx_word' id='word_1_137' title='bbox 484 3161 716 3268; x_wconf 70' lang='lat' dir='ltr'><strong>sexdecim.</strong></span> <span class='ocrx_word' id='word_1_138' title='bbox 777 3163 944 3250; x_wconf 80' lang='lat' dir='ltr'><strong>Pondus</strong></span> <span class='ocrx_word' id='word_1_139' title='bbox 969 3141 1147 3258; x_wconf 70' lang='lat' dir='ltr'><strong>uarium,</strong></span> <span class='ocrx_word' id='word_1_140' title='bbox 1175 3161 1249 3244; x_wconf 91' lang='lat' dir='ltr'><strong>sed</strong></span> <span class='ocrx_word' id='word_1_141' title='bbox 1278 3160 1331 3244; x_wconf 85' lang='lat' dir='ltr'><strong>ad</strong></span> <span class='ocrx_word' id='word_1_142' title='bbox 1360 3159 1544 3274; x_wconf 91' lang='lat' dir='ltr'><strong>quinque</strong></span> <span class='ocrx_word' id='word_1_143' title='bbox 1573 3159 1702 3244; x_wconf 90' lang='lat' dir='ltr'><strong>libras</strong></span> <span class='ocrx_word' id='word_1_144' title='bbox 1730 3189 1815 3244; x_wconf 92' lang='lat' dir='ltr'><strong>non</strong></span> <span class='ocrx_word' id='word_1_145' title='bbox 1844 3161 2104 3246; x_wconf 87' lang='lat' dir='ltr'><strong>adscendens</strong></span> <span class='ocrx_word' id='word_1_146' title='bbox 2130 3157 2171 3242; x_wconf 90' lang='lat' dir='ltr'><strong>in</strong></span> 
     </span>
    </p>
   </div>
   <div class='ocr_carea' id='block_1_4' title="bbox 482 3311 2173 5110">
    <p class='ocr_par' dir='ltr' id='par_1_5' title="bbox 482 3311 2173 4798">
     <span class='ocr_line' id='line_1_19' title="bbox 483 3311 2171 3428; baseline -0.002 -28"><span class='ocrx_word' id='word_1_147' title='bbox 483 3313 738 3412; x_wconf 79' lang='lat' dir='ltr'><strong>vernalibus.</strong></span> <span class='ocrx_word' id='word_1_148' title='bbox 809 3317 1002 3402; x_wconf 75' lang='lat' dir='ltr'><strong>Meransro</strong></span> <span class='ocrx_word' id='word_1_149' title='bbox 1044 3315 1096 3398; x_wconf 91' lang='lat' dir='ltr'><strong>ab</strong></span> <span class='ocrx_word' id='word_1_150' title='bbox 1137 3332 1328 3396; x_wconf 84' lang='lat' dir='ltr'><strong>extremo</strong></span> <span class='ocrx_word' id='word_1_151' title='bbox 1363 3312 1485 3396; x_wconf 89' lang='lat' dir='ltr'><strong>rostri</strong></span> <span class='ocrx_word' id='word_1_152' title='bbox 1516 3313 1570 3397; x_wconf 89' lang='lat' dir='ltr'><strong>ad</strong></span> <span class='ocrx_word' id='word_1_153' title='bbox 1595 3311 1847 3428; x_wconf 90' lang='lat' dir='ltr'><strong>uropygium</strong></span> <span class='ocrx_word' id='word_1_154' title='bbox 1878 3349 1923 3398; x_wconf 80' lang='lat' dir='ltr'><strong>nr</strong></span> <span class='ocrx_word' id='word_1_155' title='bbox 1956 3313 2171 3428; x_wconf 91' lang='lat' dir='ltr'><strong>pollicum,</strong></span> 
     </span>
     <span class='ocr_line' id='line_1_20' title="bbox 484 3461 2173 3582; baseline -0.001 -32"><span class='ocrx_word' id='word_1_156' title='bbox 484 3495 762 3582; x_wconf 85' lang='lat' dir='ltr'><strong>expansarum</strong></span> <span class='ocrx_word' id='word_1_157' title='bbox 792 3467 951 3552; x_wconf 86' lang='lat' dir='ltr'><strong>alarum</strong></span> <span class='ocrx_word' id='word_1_158' title='bbox 981 3479 1033 3554; x_wconf 76' lang='lat' dir='ltr'><strong>bo</strong></span> <span class='ocrx_word' id='word_1_159' title='bbox 1061 3462 1279 3582; x_wconf 90' lang='lat' dir='ltr'><strong>pollicum.</strong></span> <span class='ocrx_word' id='word_1_160' title='bbox 1350 3471 1400 3550; x_wconf 93' lang='lat' dir='ltr'><strong>In</strong></span> <span class='ocrx_word' id='word_1_161' title='bbox 1426 3461 1660 3578; x_wconf 86' lang='lat' dir='ltr'><strong>junioribus</strong></span> <span class='ocrx_word' id='word_1_162' title='bbox 1687 3485 1813 3582; x_wconf 82' lang='lat' dir='ltr'><strong>caput</strong></span> <span class='ocrx_word' id='word_1_163' title='bbox 1839 3495 1971 3580; x_wconf 85' lang='lat' dir='ltr'><strong>usque</strong></span> <span class='ocrx_word' id='word_1_164' title='bbox 2004 3467 2059 3551; x_wconf 89' lang='lat' dir='ltr'><strong>ad</strong></span> <span class='ocrx_word' id='word_1_165' title='bbox 2084 3495 2173 3551; x_wconf 88' lang='lat' dir='ltr'><strong>ocu·</strong></span> 
     </span>
     <span class='ocr_line' id='line_1_21' title="bbox 482 3615 2171 3722; baseline 0.001 -19"><span class='ocrx_word' id='word_1_166' title='bbox 482 3618 547 3704; x_wconf 89' lang='lat' dir='ltr'><strong>los</strong></span> <span class='ocrx_word' id='word_1_167' title='bbox 585 3620 844 3706; x_wconf 85' lang='lat' dir='ltr'><strong>fulvescente</strong></span> <span class='ocrx_word' id='word_1_168' title='bbox 883 3617 1091 3722; x_wconf 88' lang='lat' dir='ltr'><strong>tinctum,</strong></span> <span class='ocrx_word' id='word_1_169' title='bbox 1149 3623 1283 3703; x_wconf 83' lang='lat' dir='ltr'><strong>molae</strong></span> <span class='ocrx_word' id='word_1_170' title='bbox 1321 3617 1476 3702; x_wconf 89' lang='lat' dir='ltr'><strong>leviter</strong></span> <span class='ocrx_word' id='word_1_171' title='bbox 1514 3615 1806 3722; x_wconf 81' lang='lat' dir='ltr'><strong>cinerescunt,</strong></span> <span class='ocrx_word' id='word_1_172' title='bbox 1856 3639 1999 3706; x_wconf 72' lang='lat' dir='ltr'><strong>vertex</strong></span> <span class='ocrx_word' id='word_1_173' title='bbox 2041 3617 2171 3706; x_wconf 82' lang='lat' dir='ltr'><strong>eutice</strong></span> 
     </span>
     <span class='ocr_line' id='line_1_22' title="bbox 485 3769 2172 3889; baseline 0.002 -33"><span class='ocrx_word' id='word_1_174' title='bbox 485 3771 691 3888; x_wconf 71' lang='lat' dir='ltr'><strong>cpndidus</strong></span> <span class='ocrx_word' id='word_1_175' title='bbox 705 3833 719 3873; x_wconf 89' lang='lat'><strong>,</strong></span> <span class='ocrx_word' id='word_1_176' title='bbox 759 3781 923 3889; x_wconf 79' lang='lat' dir='ltr'><strong>occiput</strong></span> <span class='ocrx_word' id='word_1_177' title='bbox 961 3795 1007 3856; x_wconf 91' lang='lat' dir='ltr'><strong>et</strong></span> <span class='ocrx_word' id='word_1_178' title='bbox 1045 3779 1183 3856; x_wconf 76' lang='lat' dir='ltr'><strong>cervix</strong></span> <span class='ocrx_word' id='word_1_179' title='bbox 1220 3769 1443 3854; x_wconf 86' lang='lat' dir='ltr'><strong>latescunt.</strong></span> <span class='ocrx_word' id='word_1_180' title='bbox 1513 3773 1621 3856; x_wconf 82' lang='lat' dir='ltr'><strong>Gula</strong></span> <span class='ocrx_word' id='word_1_181' title='bbox 1654 3771 1906 3884; x_wconf 90' lang='lat' dir='ltr'><strong>quibusdam</strong></span> <span class='ocrx_word' id='word_1_182' title='bbox 1935 3771 2057 3888; x_wconf 90' lang='lat' dir='ltr'><strong>quasi</strong></span> <span class='ocrx_word' id='word_1_183' title='bbox 2083 3803 2172 3858; x_wconf 91' lang='lat' dir='ltr'><strong>con·</strong></span> 
     </span>
     <span class='ocr_line' id='line_1_23' title="bbox 484 3919 2173 4042; baseline -0.001 -32"><span class='ocrx_word' id='word_1_184' title='bbox 484 3947 689 4042; x_wconf 85' lang='lat' dir='ltr'><strong>spurcata.</strong></span> <span class='ocrx_word' id='word_1_185' title='bbox 750 3927 911 4010; x_wconf 90' lang='lat' dir='ltr'><strong>Pedum</strong></span> <span class='ocrx_word' id='word_1_186' title='bbox 939 3933 1086 4036; x_wconf 83' lang='lat' dir='ltr'><strong>unguis</strong></span> <span class='ocrx_word' id='word_1_187' title='bbox 1113 3919 1277 4006; x_wconf 89' lang='lat' dir='ltr'><strong>medius</strong></span> <span class='ocrx_word' id='word_1_188' title='bbox 1306 3921 1518 4028; x_wconf 89' lang='lat' dir='ltr'><strong>obtusior,</strong></span> <span class='ocrx_word' id='word_1_189' title='bbox 1547 3927 1813 4026; x_wconf 88' lang='lat' dir='ltr'><strong>rotundatus,</strong></span> <span class='ocrx_word' id='word_1_190' title='bbox 1841 3920 2048 4010; x_wconf 87' lang='lat' dir='ltr'><strong>interiore</strong></span> <span class='ocrx_word' id='word_1_191' title='bbox 2077 3956 2173 4010; x_wconf 87' lang='lat' dir='ltr'><strong>mar-</strong></span> 
     </span>
     <span class='ocr_line' id='line_1_24' title="bbox 482 4073 2171 4193; baseline 0.004 -35"><span class='ocrx_word' id='word_1_192' title='bbox 482 4074 582 4188; x_wconf 86' lang='lat' dir='ltr'><strong>gine</strong></span> <span class='ocrx_word' id='word_1_193' title='bbox 619 4075 831 4174; x_wconf 85' lang='lat' dir='ltr'><strong>dilatatus.</strong></span> <span class='ocrx_word' id='word_1_194' title='bbox 900 4077 1116 4160; x_wconf 84' lang='lat' dir='ltr'><strong>Mensurae</strong></span> <span class='ocrx_word' id='word_1_195' title='bbox 1154 4103 1178 4158; x_wconf 90' lang='lat' dir='ltr'><strong>a</strong></span> <span class='ocrx_word' id='word_1_196' title='bbox 1217 4103 1381 4159; x_wconf 90' lang='lat' dir='ltr'><strong>summo</strong></span> <span class='ocrx_word' id='word_1_197' title='bbox 1408 4096 1542 4160; x_wconf 88' lang='lat' dir='ltr'><strong>rostro</strong></span> <span class='ocrx_word' id='word_1_198' title='bbox 1570 4077 1623 4160; x_wconf 88' lang='lat' dir='ltr'><strong>ad</strong></span> <span class='ocrx_word' id='word_1_199' title='bbox 1651 4073 1903 4193; x_wconf 89' lang='lat' dir='ltr'><strong>uropygium</strong></span> <span class='ocrx_word' id='word_1_200' title='bbox 1933 4087 1983 4160; x_wconf 84' lang='lat' dir='ltr'><strong>a&#39;.</strong></span> <span class='ocrx_word' id='word_1_201' title='bbox 2015 4083 2076 4164; x_wconf 85' lang='lat'><strong>3&#39;.</strong></span> <span class='ocrx_word' id='word_1_202' title='bbox 2106 4083 2171 4164; x_wconf 85' lang='lat'>6&#39;&#39;&#39;.</span> 
     </span>
     <span class='ocr_line' id='line_1_25' title="bbox 485 4225 2172 4345; baseline 0.001 -33"><span class='ocrx_word' id='word_1_203' title='bbox 485 4227 611 4314; x_wconf 89' lang='lat' dir='ltr'><strong>ulnae</strong></span> <span class='ocrx_word' id='word_1_204' title='bbox 641 4229 799 4314; x_wconf 89' lang='lat' dir='ltr'><strong>alamm</strong></span> <span class='ocrx_word' id='word_1_205' title='bbox 837 4229 881 4313; x_wconf 82' lang='lat'><strong>1¹.</strong></span> <span class='ocrx_word' id='word_1_206' title='bbox 910 4235 970 4316; x_wconf 75' lang='grc' dir='ltr'><strong>δ”.</strong></span> <span class='ocrx_word' id='word_1_207' title='bbox 1000 4231 1069 4313; x_wconf 82' lang='grc'><strong>6”’.</strong></span> <span class='ocrx_word' id='word_1_208' title='bbox 1108 4225 1233 4311; x_wconf 88' lang='lat' dir='ltr'><strong>rostri</strong></span> <span class='ocrx_word' id='word_1_209' title='bbox 1268 4227 1322 4311; x_wconf 88' lang='lat' dir='ltr'><strong>ad</strong></span> <span class='ocrx_word' id='word_1_210' title='bbox 1362 4227 1543 4312; x_wconf 86' lang='lat' dir='ltr'><strong>frontem</strong></span> <span class='ocrx_word' id='word_1_211' title='bbox 1580 4229 1637 4314; x_wconf 84' lang='lat' dir='ltr'><strong>n‘&#39;.</strong></span> <span class='ocrx_word' id='word_1_212' title='bbox 1678 4231 1750 4334; x_wconf 70' lang='lat'><strong>4²⁰.</strong></span> <span class='ocrx_word' id='word_1_213' title='bbox 1787 4229 1841 4313; x_wconf 89' lang='lat' dir='ltr'><strong>ad</strong></span> <span class='ocrx_word' id='word_1_214' title='bbox 1884 4227 1970 4314; x_wconf 89' lang='lat' dir='ltr'><strong>oris</strong></span> <span class='ocrx_word' id='word_1_215' title='bbox 2006 4231 2172 4345; x_wconf 83' lang='lat' dir='ltr'><strong>angulos</strong></span> 
     </span>
     <span class='ocr_line' id='line_1_26' title="bbox 485 4373 2171 4498; baseline 0.002 -32"><span class='ocrx_word' id='word_1_216' title='bbox 485 4375 544 4467; x_wconf 68' lang='grc' dir='ltr'><strong>εἶ’.</strong></span> <span class='ocrx_word' id='word_1_217' title='bbox 573 4381 646 4470; x_wconf 82' lang='grc'>3”’.</span> <span class='ocrx_word' id='word_1_218' title='bbox 672 4384 829 4469; x_wconf 88' lang='lat' dir='ltr'><strong>caudae</strong></span> <span class='ocrx_word' id='word_1_219' title='bbox 859 4391 918 4470; x_wconf 86' lang='lat'><strong>5&#39;&#39;.</strong></span> <span class='ocrx_word' id='word_1_220' title='bbox 947 4383 1019 4490; x_wconf 88' lang='lat'><strong>7“&#39;.</strong></span> <span class='ocrx_word' id='word_1_221' title='bbox 1046 4377 1181 4465; x_wconf 87' lang='lat' dir='ltr'><strong>tibiae</strong></span> <span class='ocrx_word' id='word_1_222' title='bbox 1208 4384 1276 4468; x_wconf 60' lang='lat' dir='ltr'><strong>s&lt;</strong></span> <span class='ocrx_word' id='word_1_223' title='bbox 1309 4373 1371 4466; x_wconf 74' lang='lat'><strong>1&#39;‘.</strong></span> <span class='ocrx_word' id='word_1_224' title='bbox 1400 4378 1528 4494; x_wconf 87' lang='lat' dir='ltr'><strong>digiti</strong></span> <span class='ocrx_word' id='word_1_225' title='bbox 1556 4379 1691 4466; x_wconf 88' lang='lat' dir='ltr'><strong>medii</strong></span> <span class='ocrx_word' id='word_1_226' title='bbox 1718 4389 1834 4494; x_wconf 89' lang='lat' dir='ltr'><strong>(cum</strong></span> <span class='ocrx_word' id='word_1_227' title='bbox 1864 4411 1962 4496; x_wconf 89' lang='lat' dir='ltr'><strong>uug.</strong></span> <span class='ocrx_word' id='word_1_228' title='bbox 1993 4391 2087 4498; x_wconf 84' lang='lat'><strong>5“&#39;.)</strong></span> <span class='ocrx_word' id='word_1_229' title='bbox 2118 4393 2171 4470; x_wconf 83' lang='lat' dir='ltr'><strong>a&#39;‘.</strong></span> 
     </span>
     <span class='ocr_line' id='line_1_27' title="bbox 483 4533 2171 4656; baseline 0.002 -36"><span class='ocrx_word' id='word_1_230' title='bbox 483 4544 556 4641; x_wconf 65' lang='lat'><strong>9¹⁹.</strong></span> <span class='ocrx_word' id='word_1_231' title='bbox 586 4533 753 4630; x_wconf 74' lang='lat' dir='ltr'><strong>externi</strong></span> <span class='ocrx_word' id='word_1_232' title='bbox 781 4537 837 4643; x_wconf 91' lang='lat' dir='ltr'><strong>(c.</strong></span> <span class='ocrx_word' id='word_1_233' title='bbox 865 4563 907 4618; x_wconf 89' lang='lat' dir='ltr'><strong>u.</strong></span> <span class='ocrx_word' id='word_1_234' title='bbox 939 4533 1049 4644; x_wconf 64' lang='lat'><strong>33⁴⁹.)</strong></span> <span class='ocrx_word' id='word_1_235' title='bbox 1080 4542 1138 4618; x_wconf 73' lang='lat'><strong>2⁰.</strong></span> <span class='ocrx_word' id='word_1_236' title='bbox 1167 4539 1240 4620; x_wconf 83' lang='lat'><strong>6“&#39;.</strong></span> <span class='ocrx_word' id='word_1_237' title='bbox 1281 4533 1495 4620; x_wconf 86' lang='lat' dir='ltr'><strong>interioris</strong></span> <span class='ocrx_word' id='word_1_238' title='bbox 1531 4537 1589 4642; x_wconf 92' lang='lat' dir='ltr'><strong>(c.</strong></span> <span class='ocrx_word' id='word_1_239' title='bbox 1621 4564 1661 4619; x_wconf 92' lang='lat' dir='ltr'><strong>u.</strong></span> <span class='ocrx_word' id='word_1_240' title='bbox 1691 4535 1801 4650; x_wconf 78' lang='lat' dir='ltr'><strong>4t“&#39;.)</strong></span> <span class='ocrx_word' id='word_1_241' title='bbox 1833 4537 1893 4620; x_wconf 71' lang='lat'><strong>2⁰.</strong></span> <span class='ocrx_word' id='word_1_242' title='bbox 1923 4537 1994 4621; x_wconf 63' lang='lat' dir='ltr'><strong>am.</strong></span> <span class='ocrx_word' id='word_1_243' title='bbox 2022 4535 2171 4656; x_wconf 83' lang='lat' dir='ltr'><strong>postici</strong></span> 
     </span>
     <span class='ocr_line' id='line_1_28' title="bbox 485 4687 866 4798; baseline 0.005 -28"><span class='ocrx_word' id='word_1_244' title='bbox 485 4691 550 4798; x_wconf 89' lang='lat' dir='ltr'><strong>(c.</strong></span> <span class='ocrx_word' id='word_1_245' title='bbox 579 4717 621 4773; x_wconf 90' lang='lat' dir='ltr'><strong>u.</strong></span> <span class='ocrx_word' id='word_1_246' title='bbox 652 4687 765 4794; x_wconf 62' lang='grc' dir='ltr'><strong>δί’.)</strong></span> <span class='ocrx_word' id='word_1_247' title='bbox 794 4687 866 4795; x_wconf 82' lang='grc'><strong>9”’.</strong></span> 
     </span>
    </p>

    <p class='ocr_par' dir='ltr' id='par_1_6' title="bbox 483 4839 2170 5110">
     <span class='ocr_line' id='line_1_29' title="bbox 621 4839 2170 4968; baseline 0.006 -45"><span class='ocrx_word' id='word_1_248' title='bbox 621 4839 665 4923; x_wconf 89' lang='lat' dir='ltr'><em>N</em></span> <span class='ocrx_word' id='word_1_249' title='bbox 673 4859 741 4926; x_wconf 87' lang='lat' dir='ltr'><strong>ot.</strong></span> <span class='ocrx_word' id='word_1_250' title='bbox 794 4839 998 4948; x_wconf 82' lang='lat' dir='ltr'><strong>leniores,</strong></span> <span class='ocrx_word' id='word_1_251' title='bbox 1026 4839 1064 4926; x_wconf 88' lang='lat' dir='ltr'><strong>si</strong></span> <span class='ocrx_word' id='word_1_252' title='bbox 1092 4842 1331 4928; x_wconf 85' lang='lat' dir='ltr'><strong>Forstero</strong></span> <span class='ocrx_word' id='word_1_253' title='bbox 1360 4844 1488 4940; x_wconf 86' lang='lat' dir='ltr'><strong>fides,</strong></span> <span class='ocrx_word' id='word_1_254' title='bbox 1517 4843 2024 4932; x_wconf 76' lang='lat' dir='ltr'><strong>coerulescensi-cinerei</strong></span> <span class='ocrx_word' id='word_1_255' title='bbox 2038 4907 2053 4947; x_wconf 89' lang='lat'><strong>,</strong></span> <span class='ocrx_word' id='word_1_256' title='bbox 2080 4867 2170 4968; x_wconf 75' lang='lat' dir='ltr'><strong>post</strong></span> 
     </span>
     <span class='ocr_line' id='line_1_30' title="bbox 483 4989 2160 5110; baseline 0.001 -32"><span class='ocrx_word' id='word_1_257' title='bbox 483 5017 641 5080; x_wconf 79' lang='lat' dir='ltr'><strong>annum</strong></span> <span class='ocrx_word' id='word_1_258' title='bbox 667 4989 852 5110; x_wconf 89' lang='lat' dir='ltr'><strong>denique</strong></span> <span class='ocrx_word' id='word_1_259' title='bbox 878 4993 998 5086; x_wconf 83' lang='lat' dir='ltr'><strong>nivei</strong></span> <span class='ocrx_word' id='word_1_260' title='bbox 1023 4995 1220 5086; x_wconf 80' lang='lat' dir='ltr'><strong>evadunt.</strong></span> <span class='ocrx_word' id='word_1_261' title='bbox 1275 4999 1328 5084; x_wconf 89' lang='lat' dir='ltr'><strong>In</strong></span> <span class='ocrx_word' id='word_1_262' title='bbox 1352 5005 1474 5086; x_wconf 84' lang='lat' dir='ltr'><strong>terris</strong></span> <span class='ocrx_word' id='word_1_263' title='bbox 1502 4994 1762 5107; x_wconf 86' lang='lat' dir='ltr'><strong>Hudsoniis,</strong></span> <span class='ocrx_word' id='word_1_264' title='bbox 1806 5000 1859 5086; x_wconf 84' lang='lat' dir='ltr'><strong>ad</strong></span> <span class='ocrx_word' id='word_1_265' title='bbox 1885 5003 2040 5088; x_wconf 85' lang='lat' dir='ltr'><strong>Severa</strong></span> <span class='ocrx_word' id='word_1_266' title='bbox 2066 5001 2160 5086; x_wconf 77' lang='lat' dir='ltr'><strong>fluv.</strong></span> 
     </span>
    </p>
   </div>
   <div class='ocr_carea' id='block_1_5' title="bbox 0 0 2352 6052">
    <p class='ocr_par' dir='ltr' id='par_1_7' title="bbox 0 0 2352 6052">
     <span class='ocr_line' id='line_1_31' title="bbox 0 0 2352 6052; baseline 0 0"><span class='ocrx_word' id='word_1_267' title='bbox 0 0 2352 6052; x_wconf 95' lang='lat' dir='ltr'><strong> </strong></span> 
     </span>
    </p>
   </div>
  </div>
 </body>
</html>
