4734 6070
492 483 576 570 172
907 493 911 500 ·
1244 469 1395 530 ΕΞ

485 682 654 802 Aprili,
698 682 937 802 Septembri
978 706 1021 768 ot
1061 677 1263 782 Octobri,
1304 678 1350 762 in
1393 673 1548 763 Sibiria
1582 677 1834 794 'praesertim
1862 677 1907 765 in
1934 675 2148 772 borealibus

486 844 731 942 observata,
791 838 864 922 ubi
893 837 1113 953 prolificat.
1185 829 1399 946 Petropoli
1435 834 1637 954 adventat
1661 855 1851 948 tempore
1881 835 2150 948 geminationis

483 991 670 1110 primae,
709 993 956 1108 plerumque
984 1011 1113 1074 vento
1142 985 1322 1071 occiduo
1349 987 1503 1088 flante,
1545 985 1649 1070 licet
1675 983 1882 1102 pluvioso.
1942 991 1991 1070 In
2016 989 2151 1075 Tauria

483 1165 681 1229 autumno
710 1145 784 1228 diu
813 1165 1022 1245 moratur,
1066 1139 1249 1256 primurn
1277 1137 1323 1221 in
1353 1136 1529 1253 apricis,
1572 1135 1784 1242 humidis,
1817 1135 1927 1254 {dein
1955 1138 2153 1253 frigidiore

482 1325 623 1382 versus
651 1293 916 1380 Novembrin
944 1315 1220 1410 tempestate,
1250 1288 1296 1374 in
1331 1291 1595 1378 convallibus
1624 1291 1813 1406 sylvosis,
1843 1288 1979 1376 vineis
2007 1313 2049 1376 et
2071 1289 2156 1376 hor·

482 1449 538 1534 tis
566 1477 663 1534 orae
692 1446 1006 1550 meridionalis,
1051 1447 1190 1547 unde,
1243 1447 1485 1529 confirmata
1512 1446 1685 1528 tandem
1713 1442 1894 1558 hyeme,
1943 1440 1989 1527 in
2016 1447 2156 1530 Anato-

479 1598 584 1684 liam
611 1597 783 1708 traiicit.
856 1599 1087 1686 Moderatio
1123 1629 1225 1683 vero
1267 1595 1385 1681 annis
1424 1595 1553 1681 etiam
1581 1626 1659 1710 per
1684 1619 1818 1682 totam
1846 1594 2044 1712 hyemem
2071 1593 2157 1680 resi·

477 1752 577 1854 det,
635 1774 680 1835 er
718 1752 816 1866 gelu
857 1783 932 1868 per
972 1775 1238 1836 transennam
1282 1749 1477 1834 incidens
1514 1779 1598 1834 non
1625 1747 1765 1833 timet.
1849 1748 2084 1862 (Hybernat
2106 1746 2159 1832 sic

479 1903 610 1988 etiam
639 1933 763 2018 saepe
794 1903 841 1989 in
870 1904 1025 2017 Anglia
1055 1923 1099 1987 et
1125 1901 1273 1992 insulis
1301 1902 1412 1986 inter
1433 1905 1646 2018 Europam
1675 1924 1720 1986 et
1738 1899 1984 1986 Americsm
2011 1901 2161 2016 sparsis.

480 2058 609 2144 Sedet
648 2055 694 2139 in
734 2057 950 2142 tuberibus
992 2079 1128 2141 terrae
1170 2053 1371 2140 muscosis
1416 2057 1605 2140 adtracto
1633 2054 1800 2170 capite,
1844 2051 1959 2168 quasi
1994 2055 2164 2169 stupida.

479 2215 598 2294 Inter
638 2207 808 2294 frutices
851 2239 948 2298 curn
988 2207 1143 2322 exigua
1178 2231 1363 2324 strepere
1399 2237 1505 2294 voce
1536 2208 1663 2292 volat.
1734 2204 1891 2322 Migrat
1917 2205 2165 2322 praesertim

481 2360 660 2480 vesperi.

503 2633 506 2643 Ι
615 2514 791 2600 Descr.
849 2522 987 2604 Moles
1024 2511 1227 2602 Perdicis.
1295 2519 1487 2603 Rostrum
1530 2510 1637 2601 tibia
1679 2547 1776 2602 curn
1817 2514 1957 2632 digito
1997 2513 2165 2628 longius,

478 2669 842 2772 substtenuatum,
885 2689 1077 2754 extremo
1118 2667 1463 2772 crassiusculum,
1508 2675 1762 2783 subrogoso·
1780 2672 2002 2774 scabrum,
2056 2665 2168 2784 apice

478 2819 691 2936 superiore
732 2817 913 2919 conico,
955 2822 1086 2934 (quod
1125 2821 1321 2907 omnibus
1360 2824 1449 2906 fere
1490 2823 1838 2939 Scolopacibus)‚
1879 2821 1973 2908 basi
2008 2825 2169 2906 flavum.

477 2971 638 3056 Oculis
661 2992 795 3056 rostro
818 2971 1102 3058 remotissimi.
1160 2975 1288 3060 Frons
1314 2977 1423 3058 ultra
1451 2976 1608 3080 oculos,
1638 2997 1810 3092 totaque
1838 2971 1971 3061 facies
2000 2973 2169 3092 pallida,

476 3124 594 3208 iiusco
621 3123 834 3229 rundulata,
864 3133 953 3212 loro
981 3125 1101 3242 nigro
1128 3125 1324 3243 utrinque
1355 3107 1504 3213 divisa.
1570 3131 1762 3214 Lineoloe
1791 3133 1867 3214 sub
1898 3128 2017 3214 collo
2044 3151 2165 3212 trans·

475 3303 618 3360 versae
645 3275 789 3392 nigrae
817 3279 1063 3393 pracsertim
1092 3303 1269 3394 quatuor
1294 3279 1570 3394 insigniores,
1599 3279 1799 3394 reliquis,
1839 3281 1995 3398 quibus
2023 3307 2167 3394 corpus

476 3451 613 3514 toturn
648 3430 791 3512 subtus
825 3431 1095 3518 transversim
1130 3430 1352 3546 virgarum.
1421 3435 1602 3520 Dorsum
1629 3442 1792 3521 etatae
1828 3433 2010 3549 pulchre
2040 3431 2167 3520 varie·

476 3603 575 3696 gato
616 3582 757 3686 fulvo,
769 3539 940 3824 QJsciis
981 3583 1111 3698 nigris
1153 3585 1387 3700 fuscisque,
1433 3585 1594 3702 aliquot
1631 3585 1738 3674 item
1779 3587 1885 3676 albis
1913 3618 2042 3704 supra
2071 3585 2166 3686 alas,

474 3732 712 3848 plumamm
750 3755 768 3818 t
818 3733 1056 3822 minalibus.
1137 3717 1328 3851 Remiges
1366 3749 1636 3855 rectricesque
1676 3741 1862 3829 exterius
1907 3737 2168 3852 ferrugineo·

375 3911 381 3922 '
475 3887 699 3989 dentatae,
750 3887 1001 4005 posteriores
1030 3887 1150 4004 apice
1179 3890 1347 3998 albidas
1359 3953 1374 3991 ,
1398 3889 1401 3898 ’
1426 3915 1470 3977 et
1489 3915 1612 3979 atrae
1640 3894 1750 3981 intra
1786 3895 1966 4012 apicem.
2042 3892 2168 3978 Pedes

474 4037 586 4124 inter
613 4067 757 4124 omnes
786 4043 1036 4158 Scolopacea
1063 4043 1328 4150 brevissimi,
1357 4049 1653 4152 flavescentes,
1685 4055 1849 4162 femora
1878 4048 1952 4134 vix
1982 4048 2166 4134 denuda·

472 4213 538 4294 ra3
567 4191 690 4306 digiti
716 4192 984 4308 longiusculi,
1015 4198 1267 4283 membranis
1293 4197 1444 4302 uullis3
1473 4211 1654 4318 posticas
1683 4203 1773 4288 sine
1800 4231 1938 4319 ungue
1969 4199 2166 4288 muricus!

471 4345 667 4432 Mamurra
708 4347 833 4433 rostri
876 4359 936 4434 2⁰.
977 4352 1049 4464 7'''.
1089 4347 1289 4436 tibiarum
1335 4357 1390 4439 r''.
1420 4363 1491 4454 3’.”.
1532 4353 1658 4470 digiti
1685 4355 1819 4446 medii
1853 4367 1908 4442 1⁰.
1936 4365 2014 4474 7'‘'.
2043 4355 2168 4440 ulnae

472 4495 632 4586 alarum
658 4501 720 4617 7‘'.
750 4500 820 4590 2'‘'.
