4734 6070
436 656 579 744 Ardea
607 643 809 756 stellaris,
838 651 938 751 Lin„
957 668 1063 761 syst.
1092 650 1190 737 ΧΠ.
1215 652 1258 736 t·
1279 680 1321 768 p.
1352 663 1450 760 239:
1474 677 1538 767 sp.
1569 682 1636 739 ar.

325 805 500 896 Rossice
529 811 637 894 Builr
665 808 863 917 (Taurus)
892 802 963 890 vel
996 801 1160 921 leuip.
1199 785 1204 814 ’
1452 911 1456 916 .

211 1035 217 1044 .
326 960 491 1054 Tataris
517 963 692 1082 Suulsjis.
749 953 963 1071 Mangolis
993 959 1125 1042 Bardi.
1183 954 1421 1046 Calrnuccis
1455 957 1500 1042 N
1496 958 1878 1072 yringaehebmgg,

326 1113 535 1228 Tungusis
562 1115 789 1227 Ningmrllsi'
816 1109 886 1234 vel
914 1109 1112 1194 Otscholr.

353 1273 402 1350 In
431 1265 603 1383 aquosis.
626 1262 798 1358 Rossiae
828 1283 872 1348 et
909 1259 1090 1354 sibiriae
1132 1289 1218 1347 non
1254 1259 1523 1380 infrequens,
1568 1264 1753 1351 maxime
1795 1265 1908 1356 circa

213 1447 332 1506 mare
357 1417 546 1534 caspium
573 1441 618 1504 et
644 1446 817 1533 magnos
857 1415 999 1520 lacus,
1035 1435 1079 1498 et
1106 1444 1238 1530 usque
1267 1418 1321 1500 ad
1350 1421 1508 1502 Lenam
1536 1441 1664 1525 nota,
1706 1419 1811 1507 licet
1839 1455 1908 1509 au·

197 1569 358 1692 'dictur
385 1573 576 1692 saepius,
605 1602 732 1687 quam
762 1589 974 1686 appareat.
1030 1569 1318 1654 Tenebrarum
1348 1568 1465 1656 enim
1493 1593 1537 1656 et
1563 1572 1908 1664 latebraaamans

216 1723 331 1824 avis,
361 1723 551 1810 diluculo
579 1723 764 1810 maxime
793 1721 938 1807 volans
966 1739 1011 1806 et
1038 1718 1182 1834 vagari
1211 1745 1435 1820 consueta,
1462 1753 1547 1838 quo
1558 1744 1748 1840 tempore
1776 1727 1909 1817 etiam

214 1875 408 1962 immersi
434 1876 560 1963 undis
586 1874 711 1964 rostri
734 1876 866 1962 boatu
879 1903 936 1958 *se
963 1869 1121 1988 prodit.
1192 1875 1330 1962 Rostri
1371 1875 1462 1964 acie
1504 1895 1553 1960 et
1583 1877 1630 1962 vi
1651 1881 1907 1986 tremenda,

213 2059 345 2145 quum
374 2049 551 2116 attracto
580 2029 693 2116 collo
720 2024 925 2112 insidiosa
963 2024 1180 2140 jaculatur.
1247 2025 1439 2113 Interdiu
1476 2026 1657 2127 humili,
1706 2030 1825 2154 lento
1864 2054 1910 2118 et

215 2180 335 2300 quasi
364 2179 571 2272 insidioso
599 2209 741 2298 gressu
767 2175 977 2295 procedit.
1033 2174 1140 2262 Avis
1170 2176 1423 2283 macilenta,
1452 2179 1701 2294 gracillima,
1737 2181 1912 2271 strictis·

213 2333 333 2452 simis
346 2383 360 2440 ,
387 2331 633 2452 praesertim
665 2331 785 2437 viva,
826 2325 1009 2447 plumis,
1038 2327 1097 2456 in
1136 2361 1218 2444 qua
1258 2351 1425 2446 macter
1460 2353 1638 2420 rostrum
1652 2396 1675 2441 ,
1705 2337 1836 2451 pedes
1864 2359 1910 2424 et

213 2450 375 2608 pennas
402 2484 515 2573 nihil
543 2481 699 2602 magni.
754 2489 823 2569 An
852 2481 1011 2569 diversi
1038 2481 1212 2568 Botauri
1240 2484 1416 2586 dentur,
1445 2479 1639 2596 ignorare
1667 2515 1734 2584 me
1751 2490 1908 2595 fateor;

213 2671 319 2758 quos
348 2637 439 2727 vidi
466 2661 511 2724 et
537 2636 611 2724 hic
631 2633 902 2762 describam,
932 2633 1054 2720 unius
1081 2656 1201 2720 erant
1231 2632 1406 2750 speciei.
1445 2748 1448 2756 ‚

352 2797 527 2884 Descr.
555 2795 749 2878 Rostrum
775 2819 982 2896 crassum,
1012 2787 1326 2892 acutissimum,
1357 2787 1592 2896 virescens,
1624 2791 1747 2882 dorso
1774 2792 1908 2910 longi·

213 2943 465 3032 ordinaliter
493 2945 682 3044 fuscum
722 2975 840 3032 nores
867 2941 1055 3060 superius
1083 2939 1333 3056 cartilagine
1374 2941 1718 3030 semilanceolata
1752 2968 1907 3034 tactas.

212 3101 325 3188 lora
351 3103 491 3198 nuda,
517 3093 696 3202 viridia,
727 3125 825 3181 area
852 3127 877 3180 a
905 3097 1029 3182 dorso
1060 3093 1184 3182 rostri
1212 3097 1268 3182 ad
1294 3095 1439 3180 oculos
1472 3097 1745 3183 luscescente.
1814 3099 1908 3187 rat-

214 3253 365 3368 pebrae
391 3247 580 3365 margine
610 3246 874 3338 levissimae.
927 3247 1058 3338 irides
1084 3275 1109 3332 a
1139 3275 1290 3363 gryseo
1307 3245 1527 3334 -citrinae
1581 3254 1792 3365 Aperturs
1813 3283 1908 3340 ocu·

213 3409 250 3496 li
279 3404 452 3520 oblique
479 3434 620 3490 versus
646 3400 801 3488 rictum
828 3397 1047 3496 inclinata.
1105 3402 1258 3488 Cer-oia
1285 3401 1403 3488 fusco
1417 3451 1431 3466 ·
1446 3399 1680 3515 nigricans3
1715 3406 1823 3491 Gula
1852 3407 1909 3494 al·

215 3557 317 3662 bet,
346 3554 532 3642 taeniola
561 3555 678 3641 lusco
693 3604 706 3618 ·
721 3581 868 3669 grysea
894 3551 1091 3667 utrinque
1121 3584 1145 3638 a
1172 3551 1374 3638 maxillae
1411 3551 1530 3654 basi,
1569 3578 1614 3640 et
1653 3555 1910 3645 intermedia

215 3739 297 3828 per
325 3715 526 3823 majorem
554 3729 718 3824 partem
758 3702 863 3790 colli
901 3702 1216 3819 longitudinali.
1295 3708 1460 3808 Collum
1498 3705 1596 3794 laxe
1636 3709 1908 3824 plumosum,

217 3859 493 3975 jubatumque
521 3845 677 3976 plumis
706 3885 848 3942 versus
876 3855 1045 3942 dorsum
1074 3856 1454 3971 convergentibus,
1512 3887 1610 3944 cum
1639 3861 1766 3945 dorso
1791 3861 1908 3946 fusco

213 4039 452 4126 gryseoque
479 4007 1000 4124 amuleto-variegatam.
1069 4013 1260 4126 demiges
1287 4009 1452 4116 luteae,
1490 4009 1760 4096 transversim
1786 4009 1909 4125 nigro
1946 4011 1949 4018 ’

215 4163 360 4250 variae
402 4187 526 4278 atque
567 4165 835 4280 pulveratae3
875 4161 1061 4250 extimae
1102 4185 1280 4281 quatuor
1318 4163 1619 4278 subaequales,
1666 4161 1907 4270 breviores,

215 4330 490 4431 deequentes
519 4315 641 4432 apice
670 4316 840 4402 crenula
880 4315 1033 4431 exigua
1073 4315 1371 4432 emarginatae.
1438 4315 1589 4402 Gauda
1636 4313 1911 4418 brevissima,

215 4466 387 4572 mollia,
416 4470 693 4572 subrutunda3
722 4475 911 4556 recalces
937 4481 1102 4556 tantum
1132 4470 1296 4567 decem,
1322 4467 1491 4584 corpori
1518 4469 1777 4556 concolores.
1806 4467 1907 4556 Sub·

214 4641 287 4710 tus
312 4651 461 4738 corpus
488 4620 724 4740 pallidum,
754 4617 894 4706 lituris
921 4619 1129 4736 scapinis,
1157 4619 1410 4737 undulisque
1438 4620 1579 4709 luscis.
1647 4621 1775 4710 Pedes
1811 4621 1909 4709 viri·

213 4776 321 4879 des,
366 4771 514 4888 digitis
555 4772 836 4888 longissimis,
877 4770 1267 4873 cinerescentibm;
1320 4805 1476 4891 ungues
1515 4770 1724 4879 subulati,
1765 4772 1908 4891 longi,

213 4923 340 5016 lusci.
395 4927 561 5014 Pondus
587 4923 872 5046 sesquilibrali
899 4932 1065 5042 majuss
1084 4929 1279 5016 Mensura
1305 4929 1359 5014 ad
1385 4924 1642 5046 uropygium
1673 4937 1721 5011 r‘.
1740 4927 1822 5014 10⁰.
1837 4927 1910 5034 pm.
1994 4993 2006 5014 .
