4734 6070
1274 499 1425 554 =

821 737 935 832 286.
1032 731 1480 828 scotopax
1567 729 1886 846 Gallinago.

649 1010 692 1095 S.
721 1007 823 1095 loris
851 1011 1075 1129 fasciisque
1103 1009 1351 1097 frontalibus
1380 1005 1532 1112 fuscis,
1578 1035 1753 1122 corpore
1794 1035 1917 1122 supra
1944 1001 2171 1118 ferrugineo,

510 1161 673 1279 pallido
702 1161 906 1280 nigroque
934 1163 1053 1251 vario
1067 1225 1081 1266 ,
1110 1167 1253 1250 subtus
1282 1164 1407 1265 alb0,
1438 1157 1774 1276 hypochondriis
1801 1157 1972 1244 doliatis
1984 1217 1998 1258 ,
2035 1161 2174 1272 remige

508 1314 669 1401 extima
695 1318 884 1431 margine
912 1319 1022 1404 alba.

730 1470 953 1588 Gallinago
981 1493 1224 1570 auctorum,
1252 1472 1432 1554 Brissoa.
1461 1500 1547 1554 orn.
1578 1470 1629 1552 V.
1658 1500 1698 1583 p.
1729 1479 1822 1575 298.
1849 1495 1912 1581 sp.
1945 1497 1983 1550 a.
2012 1463 2092 1548 tab.
2120 1475 2177 1550 26.

772 1627 857 1738 fag.
896 1660 928 1707 1.
984 1625 1123 1710 Albin.
1154 1657 1219 1709 av.
1249 1627 1283 1706 l.
1315 1655 1356 1737 p.
1386 1635 1452 1710 68.
1482 1622 1567 1707 tab.
1596 1655 1663 1728 71.

729 1776 951 1862 Rusticola
979 1806 1052 1861 seu
1079 1779 1288 1892 Scolopax
1319 1775 1494 1890 Capella
1522 1769 1718 1858 coelestis
1759 1771 1903 1871 dicta,
1945 1771 2096 1856 Frisclr.
2122 1799 2179 1854 aa.

784 1931 867 2016 tab.
899 1941 1002 2036 229!
1031 1928 1210 2013 varietas
1238 1929 1337 2014 albo
1365 1929 1451 2013 tab.
1483 1941 1574 2014 230.

726 2083 937 2198 Scolopax
969 2081 1215 2194 Galliaago,
1245 2085 1335 2165 Lin.
1364 2103 1470 2192 syst.
1499 2083 1595 2167 ΧΠ.
1626 2083 1660 2164 l.
1690 2113 1731 2194 p.
1762 2096 1855 2186 244.
1884 2107 1946 2195 sp.
1976 2111 2019 2188 7.

727 2234 973 2334 Becassine‚
1001 2233 1214 2318 D’aubent.
1245 2243 1342 2348 pict.
1373 2234 1458 2318 tab.
1489 2245 1586 2320 883.

725 2391 934 2478 Commou
964 2387 1118 2502 Snipe‚
1147 2387 1269 2472 Pena.
1299 2387 1418 2472 Zool.
1448 2406 1549 2471 oret.
1568 2389 1622 2470 ll.
1639 2419 1680 2502 p.
1697 2398 1792 2491 463.
1817 2417 1856 2470 n.
1877 2397 1973 2472 366.
2004 2383 2183 2468 Latlrant

779 2575 845 2628 av·
875 2544 925 2625 V.
956 2574 995 2656 p.
1035 2555 1123 2644 134.

613 2695 757 2782 Rossis
786 2693 1054 2780 venatoribus
1080 2693 1217 2782 Belalis,
1241 2713 1285 2777 et
1311 2694 1654 2810 Doppelschnepf.

613 2847 834 2934 Germanis
861 2845 992 2930 etiam
1020 2846 1315 2959 Heersclznepfe
1342 2869 1384 2930 et
1413 2848 1739 2958 Himmelsziege.

611 3000 776 3086 Tataris
809 3001 1136 3085 Tachaetirtean:
1167 2996 1343 3111 Kirgisis
1370 3003 1616 3110 Kyr·telroe
1643 2995 1673 3082 i.
1704 3026 1743 3082 e.
1773 2994 1912 3114 Caper
1924 2995 2058 3088 farus.

615 3155 731 3236 Laak
747 3205 760 3218 -
775 3149 959 3238 Ostiacis
987 3151 1276 3258 Samojedicae
1304 3151 1445 3267 stirpis
1474 3155 1684 3240 ulamma.

611 3309 735 3419 Deng
751 3301 959 3391 -Ostiacis
987 3304 1147 3421 llojind.

641 3465 691 3542 Iu
718 3455 930 3571 paludosis
959 3455 1133 3541 Rossiae
1173 3453 1387 3571 totiusque
1431 3455 1610 3542 Sibiriae
1650 3455 2021 3571 frequentissima,
2069 3456 2196 3546 etiam

498 3607 940 3725 intemperatioribus
968 3609 1202 3694 nidificans.
1259 3614 1309 3693 In
1338 3610 1500 3725 aquosis
1529 3640 1773 3725 camporum
1801 3606 2139 3698 Ischimensium
2158 3633 2199 3696 et

499 3761 797 3848 Barabensium
826 3765 977 3847 crebro
1005 3761 1231 3845 exauditur
1257 3763 1505 3877 crepusculo
1534 3762 1618 3848 alte
1647 3761 1693 3846 in
1723 3763 2021 3848 adrevolitans
2061 3785 2109 3848 et
2131 3791 2198 3848 vo·

498 3943 596 4000 cem
624 3911 757 3998 hoedi
785 3945 858 4000 seu
886 3913 1074 4028 capellae
1101 3910 1449 4030 protractiorem,
1475 3943 1600 4030 quam
1630 3913 1733 3999 alias
1762 3915 1989 4000 subvolans
2023 3919 2199 4002 brevem
2326 4008 2327 4045 p

495 4089 543 4152 et
567 4063 806 4181 simplicem
835 4064 947 4168 edit,
978 4064 1164 4169 imitata,
1208 4095 1334 4181 quem
1363 4095 1388 4151 e
1416 4033 1661 4152 venatorum
1691 4064 1893 4182 opinione
1922 4066 2007 4152 alis
2052 4067 2199 4170 efficit,

495 4221 598 4304 dum
627 4249 682 4303 ex
712 4221 799 4304 alto
826 4219 873 4304 in
900 4219 1106 4304 circulum
1142 4216 1395 4305 circumacta
1433 4219 1511 4304 teli
1550 4219 1681 4305 instar
1720 4220 1954 4306 descendit.
2034 4227 2201 4306 Inserta
2326 4169 2327 4231 l

495 4371 742 4486 praesertim
772 4371 965 4488 aquatica
993 4396 1037 4458 et
1063 4369 1263 4490 palustria
1290 4371 1396 4486 legit
1424 4375 1536 4458 uude
1564 4375 1640 4460 sub
1667 4399 1887 4486 vesperam
1915 4403 2057 4488 aquas
2097 4395 2203 4484 stag·

496 4545 643 4608 nantes
671 4523 806 4638 petit,
835 4547 963 4612 noctu
990 4527 1130 4640 potius
1158 4554 1284 4639 quam
1311 4525 1498 4610 interdiu
1526 4527 1767 4640 quaerendo
1807 4527 1965 4641 pabulo
2013 4525 2202 4612 intenta.

497 4673 676 4760 Stultior
701 4677 1050 4790 praecedentibus
1079 4678 1249 4792 ictuque
1276 4677 1457 4763 facilior.
1496 4681 1714 4792 Hyberuat
1741 4677 1787 4763 in
1815 4680 1977 4795 Anglia
2013 4681 2203 4794 aliisque

494 4821 541 4910 in
569 4823 716 4910 insulis
745 4851 788 4913 et
813 4827 920 4914 locis
948 4827 1195 4930 maritimis,
1223 4829 1298 4917 ubi
1327 4829 1442 4916 mitis
1469 4828 1632 4946 hyems.

631 4979 808 5068 Descr.
835 4983 1083 5096 Magnitudo
1109 4982 1256 5070 Turdi.
1309 4986 1503 5071 Rostrum
1528 4983 1801 5102 proportione
1828 4982 2143 5102 longissimum
2159 4979 2203 5068 ia
