4778 6044
497 498 590 588 334
1260 481 1409 532 ΕΞ

710 699 858 783 Sterna
889 697 1044 808 maJor,
1102 687 1226 774 Pena.
1269 683 1388 770 Zool.
1428 683 1522 772 brit.
1551 716 1593 801 p.
1627 697 1716 788 ¹44⁴
1750 681 1836 770 tab·
1864 685 1933 766 La
1987 686 2165 776 Latiam.

774 881 842 934 ov.
873 849 942 932 Vl.
972 879 1013 962 p.
1045 857 1139 931 561.
1168 873 1208 926 n.
1243 855 1305 944 14.

710 1003 880 1090 Grande
922 995 1170 1083 Hirondelle
1210 995 1266 1078 de
1307 1019 1419 1097 mer,
1474 992 1638 1103 Bnffon.
1679 1019 1766 1074 om.
1794 989 1867 1072 Vl.
1897 1021 1938 1104 p.
1970 1003 2061 1076 203.
2088 993 2167 1078 tob.

775 1189 837 1261 19·
857 1155 941 1264 fig.
978 1188 1010 1236 r.
1041 1151 1154 1234 VIH.
1185 1179 1226 1264 p.
1257 1157 1351 1231 331.
1381 1143 1465 1230 tob.
1496 1179 1561 1255 27·
1590 1140 1807 1228 D’aubent.
1838 1149 1937 1252 pict.
1966 1175 2008 1229 a.
2037 1157 2127 1256 987.

602 1306 779 1395 Roasice
807 1306 1078 1416 Mortysclrko
1106 1297 1303 1416 generico
1330 1295 1518 1382 nomine.

601 1459 788 1606 (lstiacis
817 1491 841 1542 a
869 1485 973 1541 voce
1002 1477 1117 1539 recte
1145 1457 1303 1566 Kyrri-
1320 1482 1417 1550 nor,
1459 1450 1529 1536 vel
1557 1452 1783 1564 list-nar,
1825 1448 1876 1534 it.
1904 1453 2058 1565 Kyrri·
2073 1457 2172 1572 njae·

659 1648 786 1728 rong;
830 1612 884 1696 ad
912 1613 1062 1724 Surgut
1090 1611 1210 1694 Sine.

604 1765 838 1882 Samojedis
869 1763 1019 1848 Terbe.

600 1919 810 2035 Tungusis
841 1919 1003 2001 Tamna
1031 1921 1173 2000 milon.

602 2066 938 2160 Camtschadalis
964 2067 1349 2162 Sihtschatsclritsclr
1376 2086 1420 2149 et
1447 2065 1667 2154 Schischet.

606 2223 807 2312 Coraecis
834 2221 1150 2332 Kanytschngd.

600 2374 760 2468 Cutilia
787 2375 1066 2458 Sitschotscho
1092 2371 1162 2456 vel
1188 2372 1491 2456 Noatschitsch.

629 2538 680 2616 In
705 2549 797 2614 tota
820 2522 968 2611 Roscia
996 2545 1042 2608 et
1069 2517 1206 2607 Sibira
1234 2521 1591 2636 frequentissima,
1621 2503 1845 2634 maritimis
1870 2521 2034 2639 pariter
2062 2547 2180 2640 atque

492 2678 814 2776 mediterraneis
841 2677 888 2765 in
915 2673 1047 2791 aquia.
1114 2675 1274 2761 Volant
1309 2703 1387 2790 per
1412 2673 1556 2790 paria3
1613 2675 1804 2761 volantes
1832 2707 1959 2793 aquas
1991 2680 2181 2782 subeunt,

490 2839 570 2928 teli
607 2837 740 2922 instar
777 2829 1003 2949 pisciculos
1054 2828 1321 2942 jaculaturae.
1408 2827 1503 2916 Ova
1540 2825 1588 2912 in
1628 2826 1812 2913 arenosis
1851 2827 2007 2916 insulis
2050 2833 2183 2918 nudae

490 2989 684 3082 foveolae
724 2984 970 3100 imponunt,
1027 2996 1051 3069 3
1092 2980 1162 3066 vel
1191 2998 1242 3086 4,
1298 2977 1551 3064 columbinis
1589 2978 1733 3097 paria,
1780 2981 2005 3090 olivacea,
2048 2981 2182 3070 lituris

489 3141 636 3248 luscis,
666 3133 887 3224 rarissimis
914 3163 1056 3220 versus
1085 3131 1315 3218 acutiorem
1343 3129 1567 3236 verticem,
1605 3135 1792 3248 pondere
1820 3130 2123 3222 drachmarum
2149 3147 2183 3222 5.

490 3300 562 3388 vel
588 3295 711 3380 ultra.
782 3294 834 3424 In
880 3283 1200 3372 mediterraneis
1236 3281 1354 3399 aquia
1390 3288 1561 3370 Sternae
1595 3282 1810 3370 interdum
1837 3285 1883 3372 in
1910 3285 2026 3374 folio
2054 3294 2185 3404 Nym·

490 3447 681 3566 phaeae,
740 3467 942 3558 tanquam
981 3437 1030 3524 in
1068 3435 1225 3539 insula,
1292 3467 1372 3522 ova
1410 3457 1592 3554 ponunt,
1651 3459 1698 3524 ut
1735 3461 1850 3524 recte
1889 3443 2184 3530 Manilius.

489 3597 676 3686 Adultae
716 3625 793 3712 per
829 3589 948 3711 paria
988 3589 1153 3692 volant,
1195 3609 1242 3672 et
1280 3610 1405 3704 capto
1443 3587 1651 3705 pisciculo
1692 3620 1782 3676 mas
1815 3589 1936 3706 signo
1969 3594 2187 3682 foeminae

491 3753 611 3856 dato,
653 3779 776 3865 supra
803 3775 897 3832 eam
922 3771 1055 3860 prope
1083 3769 1214 3856 aquae
1243 3739 1506 3855 superficiem
1535 3745 1702 3849 volans,
1744 3747 1945 3860 praedam
1978 3745 2186 3848 demittit,

487 3927 537 3990 nt
563 3903 641 3988 illa
667 3899 867 4018 potiatur.
935 3893 1040 3982 Viso
1069 3891 1245 3982 homine
1272 3893 1543 3981 clamorosae.
1611 3901 1829 3984 Autumno
1855 3924 2062 4016 parentes
2091 3929 2185 3988 cum

486 4056 608 4176 prole
635 4055 793 4140 volant.

624 4212 739 4294 Not.
771 4202 922 4290 Variat
948 4201 1252 4316 magnitudine:
1280 4201 1536 4290 borealiores
1563 4233 1689 4320 saepe
1715 4203 1826 4290 ultra
1852 4225 1880 4314 4
1904 4207 2063 4298 uncias
2089 4237 2188 4326 pen·

489 4363 615 4464 dent,
644 4356 867 4474 nigredine
897 4352 1070 4441 verticis
1097 4354 1224 4468 longe
1252 4381 1330 4469 per
1356 4355 1568 4442 cervicem
1596 4358 1895 4446 descendente.
1961 4365 2187 4450 foemam

488 4535 534 4598 et
561 4517 666 4628 palli
722 4507 935 4626 syncipite
964 4510 1086 4604 albo,
1113 4509 1238 4592 dorso
1266 4535 1417 4624 gryaeo
1445 4511 1676 4622 nebuloso,
1709 4511 2019 4624 subundulato,
2052 4535 2187 4604 rostro

485 4663 751 4782 pedibusque
779 4658 1122 4750 ladvescentibus.
1939 4669 1943 4676 ·

1051 4875 1596 4908 m—
