4770 6042
450 505 508 590 62
1208 517 1493 572 ==¹

354 773 361 782 ·
450 725 512 816 las
538 729 728 846 perticae
757 755 853 816 eum
882 745 1117 812 transverso
1146 750 1268 838 supra
1294 719 1523 826 esserculo,
1562 727 1682 834 cujus
1710 717 2049 810 extremitatibus
2077 725 2137 812 ul-

447 883 603 998 ligatur
631 883 852 968 fasciculus
880 879 1112 997 spicarum,
1168 897 1335 964 stante
1363 873 1482 960 illam
1511 875 1684 990 laqueus
1710 874 1918 976 tenditur,
1957 874 2135 982 utaris,

450 1039 552 1122 dum
579 1035 715 1150 spicas
741 1037 927 1152 appetit,
955 1029 1095 1147 capite
1123 1028 1350 1144 illaqueata
1373 1027 1581 1144 capiatur.

585 1191 699 1274 Not.
736 1225 767 1272 1.
795 1193 977 1274 lautiores
1005 1213 1156 1286 mures,
1188 1178 1393 1285 anniculi,
1422 1182 1587 1297 plumae
1615 1179 1785 1266 verticis
1798 1181 1942 1268 limbis
1962 1182 2140 1300 gryseis,

448 1341 553 1428 colli
581 1339 735 1426 albidis
764 1338 1062 1426 subundulatas
1089 1331 1270 1437 habent,
1314 1331 1453 1418 minus
1481 1331 1685 1449 speciosi,
1732 1333 1779 1418 in
1807 1336 1961 1451 angulo
1989 1335 2139 1422 maxil·
2198 1407 2206 1418 .

447 1493 513 1580 lae
542 1495 705 1608 guttula
734 1495 829 1578 alba
859 1489 1013 1592 notati,
1069 1490 1183 1602 quod
1210 1487 1352 1601 itaque
1380 1517 1466 1572 non
1490 1507 1559 1570 est
1591 1485 1759 1602 signum
1797 1486 2048 1592 triennium,
2089 1509 2141 1576 ut

447 1676 504 1734 ex
531 1650 653 1734 Actis
693 1645 1042 1732 Breslavieruibus
1070 1641 1240 1756 allegat·
1266 1643 1555 1749 Bussenius.
1626 1638 1870 1756 Scapulares
1897 1642 2067 1756 plumae
2092 1664 2141 1730 et

445 1798 700 1915 uropygium
726 1799 880 1884 itidem
909 1793 1069 1912 pallide
1098 1823 1247 1908 gryseo
1276 1791 1489 1878 subtiliter
1519 1791 1749 1906 pulverata.
1782 1845 1833 1862 -
1862 1796 2046 1882 Seniores
2072 1825 2140 1882 su·

446 1955 603 2070 perbae
631 1954 867 2067 plumarum
892 1947 1033 2033 nitore
1060 1969 1156 2030 sunt
1182 1975 1278 2056 aves
1307 1965 1351 2029 et
1376 1943 1489 2028 iuter
1519 1943 1728 2048 boreales,
1781 1946 2031 2062 praesertim
2057 1945 2138 2065 hy-

447 2105 619 2206 bernas,
665 2102 809 2188 facille
837 2098 1162 2218 pulcherrimae.
1227 2102 1332 2184 Sunt
1359 2095 1473 2182 enim
1500 2117 1544 2180 et
1572 2103 1749 2200 majores
1776 2120 1820 2182 et
1845 2097 2139 2215 plumosiures,

446 2407 634 2524 corperis
663 2405 883 2524 nigredine
923 2402 1116 2489 aterrima
1145 2425 1189 2488 et
1216 2401 1482 2500 intemirata3
1541 2399 1682 2517 capite
1711 2403 1979 2515 praesertim,
2020 2433 2139 2520 prae-

446 2583 513 2649 ter
555 2563 800 2679 palpebram
835 2556 1087 2644 inferiorem
1111 2577 1158 2644 et
1184 2556 1418 2671 plumulam
1454 2585 1580 2640 unam
1609 2553 1681 2640 uel
1708 2555 1883 2643 alteram
1910 2557 1956 2643 in
1985 2557 2142 2674 angulo

448 2715 652 2806 maxillae
680 2713 842 2806 albam.
871 2709 1125 2826 nigerrim03
1154 2709 1288 2826 juguli
1300 2709 1498 2794 coeruleo
1516 2708 1739 2824 splendore
1753 2707 2048 2824 fulgidissimo,
2074 2733 2141 2797 to·

443 2889 574 2984 toque
601 2862 754 2953 habitu
792 2863 951 2950 decori.
1021 2865 1107 2946 Sed
1134 2893 1231 2948 cum
1256 2861 1347 2952 uiis
1376 2861 1516 2976 aliqua
1545 2892 1639 2977 pars
1677 2861 1974 2976 pulcritudinis
2009 2861 2139 2980 perit,

444 3021 617 3136 plumae
645 3049 731 3104 non
760 3016 941 3132 amplius
970 3044 1101 3129 aeque
1130 3014 1366 3130 laevigatae
1390 3013 1649 3118 scintillant,
1700 3015 1968 3103 collabuntur
1993 3017 2141 3133 palpe-

446 3173 570 3276 brae,
603 3171 728 3288 sigor
754 3167 892 3256 amnis
921 3167 1079 3254 formae
1108 3167 1211 3254 abit.
1240 3219 1293 3234 -
1322 3169 1488 3256 Pondus
1513 3167 1699 3256 maribus
1723 3169 1852 3284 vulgo
1880 3183 1904 3255 5
1934 3168 2141 3256 librarum

447 3326 709 3414 medicatum
748 3352 839 3410 esse
871 3319 1005 3425 solet,
1047 3319 1235 3406 minimis
1270 3343 1465 3437 ,quatuon
1534 3323 1724 3438 Remigss
1753 3335 1818 3409 26.
1843 3331 2030 3409 rectrices
2063 3331 2137 3410 tut

447 3476 493 3566 in
530 3501 707 3590 utroque
746 3503 864 3562 sexu.
934 3479 1174 3560 intestinum
1197 3475 1456 3590 scurpedales
1497 3506 1621 3562 coeco
1658 3474 1926 3592 bipedalibus
1964 3481 2139 3588 majore,

337 3699 344 3710 .
450 3633 656 3728 flexuosa,
683 3625 972 3745 sesquipedali
1000 3629 1053 3712 ab
1084 3657 1165 3712 auo
1192 3625 1439 3733 intervallo,
1469 3625 1581 3713 striis
1609 3657 1683 3720 seu
1711 3625 1852 3714 nervis
1881 3663 1920 3739 7.
1954 3625 2140 3740 longitu·

450 3781 683 3885 dinalibus,
725 3781 780 3866 sd
807 3777 967 3868 crificia
998 3779 1256 3894 glandulosa.
1327 3783 1472 3894 Cystis
1499 3811 1584 3870 non
1612 3781 1851 3899 conspicue.
1920 3780 2140 3868 Musculo·

448 3965 541 4021 rum
569 3903 850 4052 pastoralium
878 3931 942 4020 vis
967 3954 1104 4034 tanta,
1134 3955 1181 4017 ut
1207 3933 1382 4018 retentis
1412 3931 1535 4022 vivae
1564 3932 1678 4022 alitis
1707 3935 1807 4042 alie,
1849 3933 2018 4022 humeri
2045 3963 2140 4020 ossa

448 4087 653 4202 frangant.
733 4085 967 4202 Singularis
1011 4083 1232 4172 distinctio
1269 4084 1481 4191 carnium,
1539 4089 1639 4176 dunt
1682 4087 1860 4176 musculi
1901 4086 2139 4205 pectorales

447 4241 613 4358 magni,
645 4239 754 4328 sicut
781 4243 961 4342 femora,
991 4237 1142 4332 elixati
1167 4239 1422 4343 inacescant,
1453 4262 1495 4324 st
1521 4242 1757 4357 pectorales
1784 4239 1967 4328 minores
1994 4241 2139 4328 albam

448 4423 617 4480 carnem
640 4391 902 4496 exhibeant,
932 4391 1052 4476 utin
1080 4393 1321 4508 Lagopode.
1376 4395 1655 4505 Bussenius
1680 4423 1901 4512 perperam
1929 4391 2037 4482 dicit
2050 4420 2142 4482 cst·

447 4575 523 4631 nes
549 4575 640 4630 esse
670 4547 809 4651 albas,
838 4547 954 4661 quod
981 4567 1146 4632 tantum
1172 4542 1406 4646 Phasiano,
1435 4547 1652 4648 Gallinae,
1680 4547 1957 4662 Meleagridi,
1984 4541 2141 4634 Numi·

450 4701 530 4782 dae
559 4719 605 4784 et
631 4697 835 4786 Bouasise
862 4697 995 4783 tribui
1021 4719 1177 4815 potest.
1242 4697 1461 4792 ‘retricans
1487 4730 1646 4788 merem
1673 4730 1770 4787 cum
1799 4699 1967 4788 Gallina
1994 4697 2143 4811 vulge-

450 4845 488 4934 ri
527 4849 776 4966 progeniem
816 4849 983 4936 dedisse
1027 4847 1278 4966 hybridam,
1341 4851 1643 4946 infuscandam
1695 4863 1874 4946 antuus.
1929 4847 2141 4970 prodidit.

449 5001 673 5092 Pennont
709 5009 896 5119 supplem
923 5005 981 5092 od
1008 5003 1129 5094 Zool·
1153 5013 1355 5096 arcticum
1380 5039 1420 5122 p.
1450 5021 1517 5100 63.
