4734 6070
509 447 595 554 ¹76
1267 465 1415 522 εει

616 670 759 758 Rossis
787 669 958 758 exotico
1000 665 1175 760 nomine
1216 671 1444 763 Belsassim
1497 667 1717 756 venatorio
1758 667 1930 754 nornine
1971 667 2162 754 Stntrchils

669 823 802 910 Gallis
829 832 875 911 lo
900 825 1067 910 Sourda.

617 977 860 1063 Baschlriris
889 979 1145 1064 Saraldsbin.
1196 973 1353 1062 lacutis
1380 978 1557 1062 Bardclz.

614 1127 799 1216 Ostiacis
828 1133 882 1215 ad
909 1137 1098 1243 Narym,
1127 1131 1264 1246 Sapri.

640 1287 690 1366 In
720 1281 892 1368 llossiae
922 1307 968 1368 et
996 1281 1175 1368 Sibiriae
1203 1279 1417 1398 paludosis
1461 1303 1507 1364 et
1544 1276 1784 1366 borealibus
1827 1305 1959 1391 aeque
1995 1277 2171 1394 frequens

501 1464 551 1522 ac
578 1437 864 1552 praecedens,
889 1432 937 1521 in
962 1434 1207 1550 temperatis
1235 1455 1280 1517 et
1307 1432 1553 1520 australibus
1580 1429 1813 1536 rarissima,
1854 1429 1937 1514 nisi
1977 1431 2171 1546 migratis
2310 1495 2311 1518 r

499 1587 566 1674 nis
593 1610 799 1704 tempore.

639 1743 813 1828 Descr.
844 1743 1093 1855 Magnitudo
1122 1739 1196 1826 vix
1227 1742 1382 1827 Sturni.
1439 1736 1637 1827 Crassitio
1666 1737 1844 1854 capitis,
1872 1739 2080 1826 brevitate
2101 1739 2174 1824 col·

500 1892 608 1980 liet
633 1895 852 1980 oculorum
881 1895 964 1979 situ
992 1929 1015 1980 a
1044 1917 1176 1981 rostro
1204 1897 1430 1982 admodum
1466 1915 1654 1992 remot0,
1696 1893 1959 1977 Rusticolam
2011 1891 2178 1978 aemula·

500 2067 583 2131 tur.
638 2050 832 2134 Rostrum
857 2047 1054 2150 brevius,
1085 2047 1369 2162 crassiusque,
1413 2077 1539 2162 quarn
1567 2044 1916 2159 praecedentibus
1945 2043 2180 2145 cunctis,a

501 2229 638 2286 crassa
662 2201 756 2286 basi
783 2202 908 2286 valde
937 2229 1246 2315 compressum,
1290 2223 1481 2284 extremo
1510 2201 1774 2311 depressum,
1817 2199 1977 2312 rugulis
2006 2193 2178 2310 obliquis

499 2373 544 2438 at
573 2350 694 2468 apice
722 2352 889 2468 punctis
917 2351 1159 2468 impressis,
1200 2374 1242 2435 at
1268 2353 1385 2437 sulco
1412 2352 1616 2436 obsoleto.
1688 2353 1797 2434 Lora
1836 2381 1968 2465 usque
2013 2352 2065 2434 ad
2092 2377 2179 2434 ocu·

500 2504 590 2588 lum
617 2505 703 2588 late
731 2505 871 2606 lusca3
897 2535 974 2620 per
1000 2505 1182 2588 frontem
1211 2503 1368 2589 lineola
1395 2503 1600 2618 simplex,
1631 2525 1829 2615 angusta,
1871 2534 1948 2618 per
1984 2501 2184 2588 verticem

495 2655 728 2758 latescenS,
759 2655 892 2770 nigra.
948 2661 1092 2742 Litnro
1122 2657 1234 2741 fusca
1259 2657 1455 2769 utrinque
1483 2655 1528 2736 in
1557 2653 1675 2767 genis
1702 2655 2040 2768 longitudinalis.
2085 2656 2185 2738 Gula

495 2831 543 2894 et
567 2829 716 2924 pectus
746 2811 870 2908 albas
909 2816 1062 2894 collum
1088 2832 1132 2893 et
1158 2783 1470 2923 hypochondn'a
1496 2806 1706 2891 lutescunt
1717 2867 1732 2905 ,
1771 2810 1888 2893 fusco
1928 2809 2078 2894 striata
2105 2813 2184 2892 lon·

493 2959 794 3074 gitudinuliter.
849 2963 1030 3046 Dorsum
1057 2959 1170 3045 inter
1197 2963 1282 3046 alas
1311 2983 1470 3064 atrum,
1500 2955 1668 3043 circulis
1696 2961 1934 3074 plumarum
1961 2959 2094 3046 fulvia
2121 2989 2184 3042 va·

496 3110 609 3198 rium
619 3173 634 3212 ,
660 3111 862 3198 tractibus
888 3113 1023 3200 tribus
1049 3112 1453 3228 longitudinalibus,
1483 3108 1613 3197 viridi
1627 3162 1642 3178 ·
1656 3111 1824 3216 aeneis,
1866 3111 2184 3227 interjectisque

499 3265 659 3350 duabus
685 3263 824 3378 strigis
852 3265 992 3352 luteis.
1048 3269 1196 3354 canda
1222 3263 1489 3366 brevissima;
1518 3271 1705 3350 rectrices
1732 3265 1894 3370 fuscae,
1932 3267 2188 3352 luteo-mar·

498 3415 694 3530 ginmoe,
724 3417 891 3502 mediae
917 3418 1155 3532 longiores,
1199 3419 1475 3502 acuminatas.
1558 3418 1687 3502 Pedes
1721 3447 1818 3501 cum
1845 3417 1994 3532 digitis
2024 3415 2187 3504 brevio·

498 3593 593 3666 res,
620 3566 943 3684 tenuioresque,
971 3602 1096 3686 quam
1124 3571 1440 3687 praecedentis,
1471 3577 1590 3688 plicis
1617 3569 1730 3654 inter
1756 3570 1912 3686 digitos
1941 3577 2019 3680 (ut
2050 3567 2186 3654 Scolo·

495 3717 672 3834 pacibus
700 3721 922 3837 omnibus)
949 3724 1076 3839 plane
1104 3723 1254 3820 nullis,
1281 3747 1330 3808 ut
1355 3745 1469 3808 recte
1500 3725 1812 3811 Brissonius.
1865 3726 2032 3838 Unguis
2060 3715 2189 3808 medii

497 3869 625 3984 digiti
651 3869 853 3958 interiore
882 3875 1069 3989 margine
1095 3877 1340 3964 undulatos!
1395 3879 1588 3962 Mensura
1615 3877 1739 3962 rostri
1773 3879 1827 3964 r''.
1849 3881 1918 3964 δ”.
1947 3877 2080 3962 ulnae
2110 3872 2185 3956 ala·

493 4039 590 4108 rum
619 4027 680 4110 δ”.
717 4027 809 4108 ιι”’.
834 4025 1037 4113 tibiarum
1070 4031 1164 4114 10'‘'.
1192 4027 1320 4143 digiti
1346 4027 1478 4114 medii
1507 4033 1572 4140 (c.
1601 4061 1642 4118 u.
1673 4031 1795 4143 alm.)
1830 4041 1884 4114 t''.
1918 4031 1985 4116 1'''.
2030 4029 2187 4113 femora

496 4175 707 4265 denudata
733 4178 788 4262 ad
825 4183 929 4272 5l“'.

868 4590 981 4680 288.
1070 4584 1513 4684 SCOLOPAX
1595 4593 1806 4714 alpino.

492 4840 498 4855 ·
629 4791 674 4875 S.
702 4815 836 4881 rostro
877 4793 1071 4882 breviore
1082 4857 1097 4897 ,
1151 4799 1275 4886 dorso
1315 4801 1432 4888 lusco
1470 4799 1671 4916 luteoqua
1712 4801 1949 4902 maculato,
2008 4819 2185 4920 pectore

491 4937 628 5058 nigro.
