4696 6054
913 449 1061 502 ξ
1746 455 1836 534 257

156 639 296 728 duunt.
353 647 548 736 Rostrum
576 645 683 734 mari
711 645 949 757 virescens,
992 655 1123 768 pedes
1149 648 1452 754 fulvo-rubri;
1488 655 1677 762 foemina
1705 675 1840 740 rostro

155 797 293 902 lutea,
323 800 441 886 disco
468 803 865 908 fusco-maculato,
893 833 1033 920 ungue
1060 805 1209 920 nigro,
1237 803 1489 922 etpedibus
1517 805 1836 893 latescentibus.

155 953 201 1032 Iu
228 949 354 1036 unica
380 951 462 1040 hac
490 953 632 1070 specie
660 985 794 1042 mares
837 926 1046 1046 notabiles
1087 956 1240 1073 pennis
1280 954 1530 1044 rectricibus
1572 959 1732 1047 duabus
1772 961 1843 1044 vel

155 1104 389 1214 quaternis:
417 1107 603 1194 recurvis
632 1111 805 1198 caudae.
874 1113 1065 1197 Variatur
1090 1107 1231 1200 nucha
1257 1107 1393 1226 topho
1419 1108 1658 1234 plumarum
1692 1135 1840 1208 ornato

156 1257 263 1370 apud
291 1287 367 1342 nos
394 1260 677 1377 perfrequens.
733 1267 995 1350 Domesticos
1021 1263 1187 1349 variant
1224 1263 1361 1378 topho
1388 1257 1552 1345 nuchae
1580 1261 1768 1379 simplici
1800 1287 1844 1348 et
1923 1297 1924 1302 ¹

156 1407 339 1522 duplici,
370 1412 512 1496 colore
540 1413 668 1500 niveo
697 1438 742 1500 et
769 1415 1010 1530 variegato,
1058 1412 1127 1500 his
1169 1443 1334 1530 semper
1373 1435 1553 1500 rostrum
1594 1417 1757 1500 fulvum
1797 1417 1844 1500 in

157 1581 332 1674 utroque
370 1593 486 1650 sexu.
570 1573 620 1652 In
655 1564 1014 1683 Ornithotrophio
1053 1568 1267 1682 quondam
1305 1564 1444 1650 Nobil.
1486 1575 1612 1652 amici
1654 1571 1844 1684 Procopii

158 1713 408 1826 Demidof
437 1749 526 1803 mas
551 1722 703 1806 Anatis
729 1723 910 1838 Sponsae
952 1717 1102 1804 viduus
1136 1719 1334 1820 relictus,
1376 1745 1472 1803 cum
1500 1717 1721 1804 Boschade
1758 1721 1844 1803 foe·

159 1865 272 1950 mine
300 1867 448 1980 genuit
476 1868 682 1986 hybridas
708 1873 872 1989 pullos,
904 1869 979 1988 qui
1005 1901 1107 1973 vero
1132 1871 1181 1956 in
1206 1895 1352 1960 tenera
1377 1891 1517 1957 aetate
1545 1871 1774 1990 perierunt.
1791 1921 1845 1936 —

157 2021 308 2104 Anatis
335 2026 569 2112 moechatae
596 2055 730 2111 mares
757 2053 883 2140 saepe
912 2021 1178 2112 Boschadem
1220 2025 1440 2138 subigunt,
1483 2045 1528 2108 et
1570 2053 1679 2140 quae
1715 2021 1846 2108 semel

158 2169 236 2256 tali
263 2177 406 2284 juncta
433 2173 514 2262 luit
540 2177 693 2264 marito
705 2238 720 2278 ,
749 2179 976 2262 admodum
1005 2177 1048 2264 ei
1076 2178 1223 2266 dedite
1250 2181 1393 2262 manet
1419 2163 1465 2262 et
1498 2175 1846 2262 libidinosissima

159 2323 315 2412 evadit.
340 2343 344 2350 “
373 2328 515 2416 Proles
541 2331 642 2418 inde
672 2329 861 2446 grandis,
890 2332 1023 2418 forma
1051 2329 1206 2436 media,
1236 2331 1311 2418 sed
1335 2296 1451 2446 patri
1476 2351 1621 2415 tamen
1649 2326 1844 2432 similior,

158 2477 407 2594 praesertim
433 2483 601 2592 colore,
630 2513 764 2587 voce,
796 2513 954 2598 gressu,
983 2483 1156 2600 papillis
1183 2506 1325 2580 tamen
1353 2483 1464 2568 circa
1493 2504 1619 2599 caput
1644 2504 1772 2584 caret,
1803 2502 1848 2565 et

157 2663 373 2747 nunquam
400 2629 629 2750 hybridam
656 2637 832 2756 stirpem
859 2657 1083 2754 propagat3
1112 2659 1161 2722 ut
1186 2665 1264 2754 per
1290 2635 1431 2752 plures
1468 2663 1597 2719 annos
1624 2654 1848 2778 expertum

158 2779 311 2873 habeo.

636 3055 752 3168 341.
837 3045 1051 3138 ANAS
1133 3041 1368 3137 adunca.

299 3251 354 3334 A.
384 3273 518 3338 rostro
546 3255 817 3368 cylindraceo
846 3252 1123 3356 subincurvo,
1153 3279 1330 3366 corpore
1357 3250 1488 3334 lusco.

381 3405 497 3490 Anas
526 3409 790 3507 curvirostra,
820 3410 974 3492 Frisch.
1005 3439 1071 3492 ov.
1101 3407 1186 3490 tob.
1210 3429 1298 3512 179.
1329 3406 1370 3486 V
1366 3433 1475 3515 roeg.
1505 3393 1629 3488 catal.
1663 3399 1849 3527 adumbr.

365 3589 368 3596 ·
440 3592 479 3646 n.
511 3573 603 3664 248.
631 3563 739 3646 Pall.
768 3563 911 3676 Sptctt.
939 3559 1058 3645 Zool.
1088 3561 1157 3642 Vl.
1186 3589 1285 3674 pag.
1315 3569 1382 3642 83.
1423 3557 1596 3640 Gmclln.
1626 3575 1730 3668 syst.
1760 3555 1849 3636 Lin.

439 3717 496 3799 ΙΙ.
527 3747 567 3830 p.
596 3727 690 3823 537.
718 3745 778 3832 sp.
814 3747 903 3798 ιω.
934 3715 1126 3797 Latham.
1156 3743 1221 3794 oo.
1251 3711 1323 3791 Vl.
1351 3741 1391 3822 p.
1422 3721 1515 3813 496.
1545 3741 1585 3792 rr.
1615 3725 1684 3811 44.

385 3871 501 3952 Anas
531 3869 715 3970 adunca,
758 3870 848 3952 Lin.
876 3885 978 3978 syst·
1008 3867 1105 3946 ΧΠ.
1134 3866 1169 3947 Ι.
1200 3894 1241 3971 p.
1273 3873 1365 3946 206.
1394 3889 1456 3976 cp.
1492 3877 1561 3965 41.
1615 3858 1756 3944 Albin.
1785 3887 1852 3940 aa.

447 4023 500 4105 ll.
530 4053 570 4135 p.
601 4035 668 4106 86.
698 4019 782 4104 tab.
813 4033 878 4125 96.
908 4052 975 4128 97.
1004 4019 1081 4101 tlt.
1111 4015 1197 4100 tab.
1233 4045 1321 4098 roo.
1353 4013 1525 4098 Gmelin.
1553 4032 1658 4125 syct.
1688 4013 1775 4094 Lin.
1802 4010 1857 4090 Π.

437 4207 479 4291 p.
513 4186 607 4261 588.
635 4203 697 4288 sp.
726 4192 794 4278 [μ.

303 4333 355 4414 In
383 4323 533 4412 Rossia
549 4355 728 4441 ‚quoque
756 4321 967 4410 rarissimo
1005 4322 1204 4440 exemplo
1243 4317 1432 4436 capitur,
1474 4314 1520 4402 in
1561 4313 1716 4402 Sibiriu
1759 4343 1860 4398 vero
1904 4357 1911 4386 ··

164 4509 382 4595 nunquam
408 4480 513 4568 visa.
581 4477 825 4564 Domestica
854 4506 878 4562 e
905 4476 1054 4592 Belgio
1083 4475 1205 4561 illata
1230 4473 1278 4558 in
1306 4467 1512 4558 aviarium
1546 4469 1686 4555 Nobil.
1713 4467 1859 4554 Proco-
1927 4517 1934 4526 ³

166 4643 230 4748 pit
255 4667 284 4720 a
308 4636 558 4745 Demidof
590 4639 789 4718 Moscuae
817 4627 1122 4746 multiplicavit
1149 4621 1362 4712 constanti
1397 4622 1570 4728 colore,
1614 4649 1743 4738 quem
1786 4619 1857 4702 de·

168 4786 344 4904 scripsi,
374 4789 491 4876 lusco
504 4837 519 4852 ·
532 4786 820 4902 nigrescente,
861 4785 1027 4870 macula
1066 4777 1264 4894 utrinque
1291 4773 1517 4894 temporali
1542 4795 1588 4860 et
1615 4801 1739 4888 saepe
1771 4767 1858 4856 c'ol·

167 4939 250 5028 lari
278 4941 389 5030 albo.
446 4945 709 5059 Spontaneae
738 4937 926 5027 colorem
954 4933 1143 5052 apprime
1172 4927 1400 5050 exprimit:
1448 4933 1564 5014 Anas
1595 4927 1683 5010 fera
1711 4921 1860 5038 nigra,

1427 5093 1481 5172 33
