4734 6070
1009 539 1160 598 ==
1861 533 1919 626 81

342 741 539 834 Armenis
571 741 725 831 Tsclu'l.
751 791 808 812 ·-·
837 739 1076 832 Calmuccis
1098 743 1339 842 Boedenuar
1368 747 1582 862 Mongolis
1609 747 1811 836 Boedeub.

368 905 449 984 Per
473 925 643 982 omnem
671 896 865 984 Rossiam
897 919 942 982 et
969 894 1166 982 Sibiriam
1195 897 1485 985 australiorem
1514 900 1699 1018 apricam
1712 905 1921 1022 frequens,

231 1052 279 1141 in
303 1048 546 1140 borealibus
574 1049 820 1155 maritimis,
857 1047 1055 1137 orientali
1084 1051 1237 1165 angulo
1265 1046 1394 1136 Asiae
1421 1075 1468 1136 et
1497 1051 1794 1148 Camtschatca
1823 1061 1921 1144 defi·

232 1205 307 1294 cit.
364 1201 666 1318 Copiosissime
695 1223 840 1288 contra
867 1233 945 1320 per
972 1233 1142 1289 omnem
1155 1203 1440 1288 Ueraniamet
1453 1205 1676 1292 finitimam
1701 1205 1922 1300 Poloniam

230 1381 277 1448 et
302 1355 517 1444 ineffabili
549 1355 693 1472 copia,
737 1355 1000 1471 migrationis
1027 1379 1219 1474 tempore
1231 1417 1245 1456 ,
1284 1381 1561 1474 congregatur
1586 1358 1632 1443 in
1661 1363 1838 1448 desertis
1868 1367 1923 1454 ad

231 1519 509 1628 Borystenem
537 1533 582 1595 et
608 1508 874 1610 Danubium,
926 1511 1184 1626 tandemque
1212 1532 1414 1596 autumno
1443 1511 1490 1596 in
1515 1514 1732 1599 convalles
1764 1517 1923 1604 mariti·
2043 1561 2047 1572 «

228 1695 322 1754 mas
362 1682 578 1749 montosae
620 1691 718 1748 orae
748 1661 1003 1750 Chersonesi
1043 1663 1251 1749 Tauricae
1279 1663 1518 1778 colligitur,
1559 1667 1672 1750 unde
1701 1666 1922 1783 ingruente

233 1815 456 1933 frigidiore
484 1838 684 1903 aummno
706 1815 756 1928 lin
766 1814 1013 1901 Anatoliam
1040 1822 1221 1906 Pontum
1248 1816 1460 1901 Euxinum
1488 1816 1719 1930 trajiciunt.
1777 1827 1827 1905 In
1856 1853 1925 1909 au·

237 1969 434 2058 stralibus
470 1968 644 2054 Rossiae
682 1967 914 2088 provipciis
932 1957 1052 2056 'tunc
1087 1969 1258 2085 copiose
1286 1993 1330 2056 et
1358 1969 1659 2087 pinguissimae
1688 1971 1923 2088 capiuntur,

231 2122 481 2238 integraque
522 2123 638 2208 dolia
667 2125 753 2208 sale
787 2121 1051 2210 conditarum
1097 2129 1315 2209 Moscuam
1342 2147 1385 2208 et
1413 2124 1658 2240 Petropolin
1687 2123 1924 2216 mittuntur.
1989 2193 1995 2204 .

232 2275 470 2392 Capiuntur
496 2275 741 2392 praesertim
768 2276 1057 2399 Tinnunculo,
1100 2265 1284 2362 Falcone
1313 2274 1572 2392 vespertino,
1603 2277 1711 2364 Niso
1738 2302 1783 2364 et
1797 2285 1925 2366 Aesa-

232 2429 333 2516 lone
373 2427 501 2514 adid
542 2427 732 2536 instetis,
775 2431 845 2516 vel
874 2427 1005 2514 etiam
1032 2427 1205 2516 retibus.
1274 2429 1506 2514 Abundant
1533 2426 1662 2514 etiam
1690 2429 1736 2514 in
1764 2433 1926 2548 campis

231 2581 461 2706 pinguibus
490 2605 534 2668 et
561 2579 828 2696 graminosis,
860 2577 914 2666 ad
943 2588 1047 2686 Iset,
1073 2581 1235 2681 Tobol‚
1264 2577 1425 2666 Ischirn
1451 2603 1497 2665 et
1525 2579 1628 2666 Irtin
1659 2581 1821 2684 fluvios,
1849 2585 1961 2708 ubi,

231 2765 359 2822 canes
400 2733 485 2820 mei
526 2731 570 2820 in
610 2733 765 2822 itinere
803 2733 954 2852 quavis
995 2736 1082 2820 lere
1125 2731 1229 2820 hora
1271 2734 1519 2821 Coturnices
1552 2733 1793 2850 sapiebant.
1850 2743 1925 2830 Ad

231 2888 443 2976 leniseam
470 2919 556 2975 non
584 2888 722 2975 minus
749 2887 918 2974 vocales
948 2886 1189 3004 europaeis,
1211 2889 1303 2989 ‚sed
1332 2909 1545 3004 nunquam
1573 2913 1669 3006 post
1696 2891 1928 2980 solstitium

231 3041 542 3134 exaudiendae.
612 3052 662 3129 In
702 3040 889 3128 Dauuria
929 3039 1138 3155 denique,
1181 3039 1286 3126 licat
1327 3042 1587 3156 frequentes,
1630 3045 1757 3160 plane
1785 3069 1928 3134 mutae

235 3217 354 3302 sunt,
405 3197 540 3281 solum
568 3195 667 3282 roci
692 3195 911 3312 praevium
940 3197 1052 3310 apud
1067 3215 1239 3280 'nostras
1267 3190 1507 3280 rhonchum
1536 3197 1726 3283 edentes.
1783 3203 1873 3283 Hae
1902 3213 1940 3285 a·

237 3347 544 3456 Chinensibus,
586 3347 651 3435 uti
678 3352 891 3466 quondam
921 3340 1122 3450 Athenis,
1153 3345 1200 3431 in
1228 3348 1514 3464 spectaculum
1545 3349 1600 3434 ad
1627 3379 1786 3466 pugnas
1813 3352 1926 3438 ludi·

234 3531 327 3590 cras
356 3499 633 3602 adhibentur,
661 3523 705 3592 et
731 3501 996 3616 testeAnglo
1025 3503 1143 3596 Ball
1170 3509 1318 3628 (itinen
1346 3533 1449 3592 vera.
1473 3509 1580 3616 gall.
1608 3511 1691 3590 vol.
1720 3509 1753 3590 Ι.
1768 3539 1810 3622 p.
1828 3514 1927 3622 270)

238 3655 293 3742 ad
320 3652 656 3742 intemeciouem
684 3653 942 3740 ferocissime
970 3675 1175 3771 pugnant,
1208 3651 1292 3738 nisi
1321 3653 1586 3743 dirimantur.
1644 3660 1716 3744 nd
1746 3659 1835 3746 Can
1863 3683 1924 3744 ta·

236 3836 337 3894 men
364 3807 550 3914 flurium,
581 3807 687 3896 citra
712 3805 913 3894 Ircutiam
939 3812 1025 3921 jam
1053 3837 1225 3892 canoras
1248 3806 1467 3894 exaudivi.
1485 3861 1535 3888 ÷-
1561 3808 1691 3897 Circa
1717 3811 1929 3900 leniseam

235 3960 285 4046 in
314 3961 460 4076 vulgus
487 3986 636 4049 notum
664 3985 745 4068 est,
791 3983 836 4050 et
861 3959 993 4048 homo
1022 3962 1103 4046 lide
1132 3958 1303 4074 dignus,
1348 3965 1580 4047 Germanus
1607 3962 1719 4049 circa
1747 3962 1929 4048 metalli·

237 4112 403 4200 fodinas
443 4117 498 4202 ad
537 4114 727 4232 Karysch
768 4119 811 4202 fl.
848 4113 924 4202 diu
964 4136 1244 4202 commoratus
1285 4112 1396 4199 mihi
1435 4137 1608 4232 autopta
1642 4113 1927 4200 confirmavit.

237 4266 488 4356 Coturuices
526 4267 591 4357 ibi
630 4271 708 4355 sub
745 4267 845 4355 nive
888 4265 1146 4385 hybernare,
1193 4289 1238 4352 et
1278 4265 1466 4352 maxime
1508 4267 1621 4353 circa
1638 4249 1642 4258 ¹
1660 4267 1929 4354 formicarum

238 4451 409 4510 acervos
436 4423 483 4509 in
510 4421 641 4539 sylvis
669 4421 934 4538 congregari,
975 4420 1051 4506 ubi
1076 4419 1196 4537 quasi
1224 4419 1418 4536 torpidae
1446 4419 1723 4536 reperiantur.
1788 4423 1930 4538 Appa-

238 4598 335 4662 rent
354 4575 493 4664 etiam
520 4579 622 4662 suda
649 4599 900 4692 tempestate
928 4605 1051 4692 supra
1081 4571 1226 4658 nivern
1253 4597 1299 4659 et
1325 4600 1441 4663 rarae
1463 4571 1584 4658 circa
1613 4560 1787 4671 horrea3
1817 4573 1931 4688 alpef

238 4726 393 4814 utribus
420 4728 581 4817 seilicet
604 4727 717 4846 iugis
739 4731 820 4815 ,sub
849 4731 978 4814 finem
992 4725 1174 4842 Augusti
1187 4727 1286 4814 nive
1308 4724 1447 4830 tectis,
1478 4727 1531 4810 ad
1546 4748 1728 4811 austrum
1750 4724 1931 4842 migrare

237 4880 525 4998 inpediuntur.
584 4883 809 4970 Caeterum
837 4909 1061 4997 praesagae
1087 4899 1409 4996 tempestatum,
1452 4878 1675 4992 ingruente
1701 4879 1847 4994 pluria
1873 4880 1932 4965 la·

238 5039 378 5126 tebras
413 5057 647 5160 quaemun
666 5115 672 5122 .
691 5035 768 5122 sub
810 5063 930 5158 spem
973 5031 1112 5144 sereni
1146 5033 1286 5122 laetae
1313 5031 1539 5130 exsultant.
1580 5031 1706 5146 ⁸Pulli
1733 5029 1931 5148 languine

1445 5217 1490 5272 n
