4778 6044
474 403 564 502 278
1245 413 1394 466 ==

466 641 582 720 tata3
611 613 822 702 inferioris
851 613 1033 701 lamellis
1065 612 1209 701 medio
1236 608 1384 701 divisis
1416 609 1503 696 fere
1529 607 1717 723 triginta.
1775 611 1946 696 Plumae
1969 612 2165 700 frontales

472 771 585 858 circa
616 792 794 854 rostrum
822 767 1091 855 semicirculo
1127 764 1392 852 terminatae.
1462 768 1592 850 Irides
1619 763 1782 848 rubrae.
1853 765 1979 850 Color
2019 763 2162 852 incon-

470 920 772 1020 stantissimus,
843 943 887 1004 et
926 943 1093 1036 praeter
1133 919 1356 1005 varietates
1399 917 1645 1004 Edwardsio
1682 911 1933 1016 delineatas,
2002 941 2046 1004 et
2084 948 2160 1035 pro

469 1073 645 1162 diversis
684 1069 903 1188 speciebus
932 1073 1038 1158 falso
1074 1070 1258 1176 habitas,
1319 1070 1561 1156 innumerae
1603 1071 1753 1152 dantur
1788 1067 1911 1154 aliae.
1951 1119 2008 1136 --
2047 1075 2161 1155 Inter

466 1227 671 1312 masculos
700 1223 774 1339 qui
803 1226 855 1308 ad
884 1233 1059 1338 priorem
1088 1231 1185 1337 (aa.)
1212 1224 1382 1308 iconem
1411 1219 1776 1324 Edwardsianam,
1822 1220 1989 1336 (capite
2017 1253 2155 1339 prora·

465 1408 547 1493 que
581 1375 886 1489 nigricantem,
943 1375 1020 1460 alis
1062 1375 1213 1491 spuriis
1256 1371 1740 1489 ferrugineo-virgatis)
1784 1375 2009 1474 accedunt,
2065 1395 2160 1460 sunt

465 1527 742 1643 quibusarea
771 1528 883 1614 circa
914 1530 1060 1614 oculos
1088 1529 1213 1614 latius
1246 1529 1362 1630 alba,
1420 1525 1569 1610 utrix
1600 1545 1770 1636 angusta
1796 1525 1911 1608 linea
1939 1527 2054 1612 lusca
2080 1555 2156 1641 per

465 1683 670 1768 verticem
711 1701 917 1766 excurrat.
990 1683 1040 1766 In
1081 1703 1253 1796 pectore
1295 1681 1414 1767 color
1451 1677 1571 1793 niger
1615 1707 1737 1792 saepe
1778 1707 1907 1790 usque
1937 1680 1990 1763 ad
2018 1681 2159 1764 alvum

462 1835 721 1951 producitur.
777 1837 981 1918 flactricas
1009 1833 1177 1918 medias
1206 1864 1328 1948 saepe
1357 1835 1444 1917 fere
1473 1838 1534 1940 9'‘.
1564 1829 1782 1947 proximae
1807 1833 1867 1916 6''.
1885 1841 1955 1916 6‘''.
1985 1831 2031 1918 in
2061 1831 2157 1916 aliis

464 1986 633 2073 mediae
663 1986 740 2070 vix
769 1986 878 2069 ultra
906 1984 966 2089 4⁰.
1038 1985 1299 2091 Quibusdam
1342 2015 1435 2069 area
1472 1983 1583 2068 circa
1612 1983 1755 2069 oculos
1784 1981 2025 2089 cinerascit,
2084 1987 2159 2068 sed

463 2137 635 2256 occiput
676 2139 820 2222 album
850 2159 893 2222 et
920 2138 1090 2252 plumae
1132 2168 1296 2253 sparsae
1335 2137 1504 2222 infimae
1535 2134 1722 2220 cervicis.
1795 2139 2014 2222 Posteriori
2042 2135 2161 2222 iconi

462 2288 666 2394 similem,
710 2289 757 2374 in
784 2288 981 2374 citeriore
1011 2288 1166 2376 Sibiria
1195 2312 1238 2375 et
1267 2289 1416 2375 Rossia
1444 2287 1667 2392 rariorem,
1724 2290 1797 2374 sed
1827 2287 2158 2401 vulgatissimam

459 2441 506 2528 in
546 2439 843 2541 orientalibus,
867 2549 871 2556 Ι
898 2443 1147 2559 praesertim
1187 2441 1299 2528 circa
1347 2439 1706 2544 Camtschatcam,
1767 2438 2040 2544 varietatem,
2095 2440 2159 2526 ita

458 2592 686 2711 descripsi:
745 2598 883 2710 Caput
911 2617 955 2678 et
982 2603 1136 2681 collum
1162 2595 1282 2698 alba,
1337 2595 1502 2680 macula
1529 2623 1679 2708 magna
1707 2624 1783 2708 per
1812 2623 1929 2678 aures
1957 2591 2157 2708 utrinque

456 2745 599 2862 nigra;
629 2750 828 2832 Infimum
859 2746 1020 2832 collum
1047 2723 1169 2861 nigro
1200 2770 1479 2860 squamatum.
1537 2749 1718 2832 Dorsum
1745 2767 1881 2832 toturn
1910 2767 1953 2828 et
1965 2753 2158 2865 jugulum

458 2902 513 2985 ad
542 2898 733 2984 medium
765 2920 912 3013 pectus
943 2920 1031 2984 atra
1046 2936 1060 2996 ‚-
1119 2897 1281 3012 reliqua
1309 2900 1451 2984 subtus
1479 2901 1586 2984 alba.
1658 2901 1766 2986 Aloe
1795 2897 1958 3014 spuriae
1985 2928 2156 3016 parvae,

459 3054 557 3138 albo
586 3050 844 3165 variegatae,
887 3048 1029 3165 pinnis
1073 3050 1299 3164 majoribus
1338 3051 1457 3136 albis.
1528 3056 1637 3138 Alae
1664 3049 1794 3135 etiam
1823 3053 1965 3137 subtus
1993 3050 2154 3164 nigrae,

456 3211 622 3322 speculo
664 3205 807 3317 (quod
850 3201 1073 3288 interiores
1114 3205 1295 3319 remiges
1325 3205 1611 3318 constituunt)
1650 3207 1956 3290 brunnescente
1998 3201 2158 3318 (idque

459 3378 700 3443 constanter
729 3355 776 3439 in
804 3355 999 3440 omnibus
1040 3356 1354 3471 varietatibus).
1425 3358 1572 3442 Coudo
1601 3355 1879 3442 cuneilormi·
1895 3354 2133 3441 acuminata
2140 3395 2158 3454 ς

458 3517 645 3595 rectrices
691 3526 752 3613 ¹4·
792 3505 958 3590 mediae
999 3508 1168 3624 nigrae,
1225 3509 1443 3626 proximae
1484 3507 1901 3622 albo-marginatae,
1957 3509 2155 3594 laterales

457 3659 655 3776 utrinque
684 3681 724 3766 4.
754 3659 886 3744 albae.
944 3663 1073 3748 Pedes
1102 3659 1241 3746 antice
1269 3660 1406 3746 livido
1421 3711 1435 3726 ·
1451 3661 1734 3761 albescentes,
1776 3661 1986 3768 articulis,
2018 3693 2152 3748 mem-

456 3817 606 3918 brana,
664 3811 866 3927 tibiisque
906 3813 1069 3930 postice
1112 3813 1238 3898 fuscis
1267 3817 1338 3928 (¹³).
1421 3814 1586 3900 Pondus
1626 3813 1775 3899 bilibri
1816 3821 1966 3925 majus,
2022 3845 2150 3932 saepe

459 3963 743 4082 sesquitrium.
800 3968 1016 4052 Mensurae
1045 3969 1102 4052 ud
1129 3965 1382 4082 uropygium
1416 3967 1459 4050 r‘.
1494 3964 1545 4051 ι’.
1575 3967 1645 4054 3”’.
1678 3965 1799 4054 rostri
1834 3967 1887 4052 r'‘.
1904 3970 1971 4077 7‘''.
2002 3967 2151 4054 rectri-

458 4147 556 4206 cum
583 4118 818 4206 mediarum
848 4125 905 4206 δ”.
940 4125 1033 4206 rr''‘.
1063 4119 1300 4204 lateralium
1330 4119 1389 4204 o''.
1425 4119 1487 4205 r'‘.
1518 4149 1793 4238 expansarum
1823 4121 1981 4206 alarum
2011 4131 2061 4206 η’.
2090 4117 2148 4206 a‘.

508 4418 565 4509 (*)
593 4419 676 4487 Alia
700 4420 846 4490 varietas
876 4419 964 4488 mihi
992 4428 1029 4491 in
1055 4423 1197 4494 schedis
1224 4411 1434 4514 descripta:
1486 4445 1585 4518 prora
1611 4429 1715 4512 tota,
1768 4424 1955 4515 usquead
1981 4431 2154 4495 ventrem

580 4545 800 4630 nigerrima,
855 4565 931 4612 areo
958 4545 1150 4614 oculorum
1178 4547 1224 4614 ad
1255 4553 1415 4614 rostrum
1441 4569 1554 4638 usque
1581 4549 1656 4615 late
1681 4547 1789 4635 alba,
1843 4553 1884 4616 ut
1909 4555 2083 4634 angustus
2112 4551 2153 4614 iu

581 4661 702 4730 fronte
733 4661 885 4732 isthmus
912 4669 1014 4754 niger
1039 4675 1205 4756 supersit.
1260 4665 1418 4738 Rcrtrices
1445 4671 1584 4738 mediae
1609 4667 1633 4740 8
1658 4668 1847 4758 pollicum.
1899 4673 1976 4754 lis,
2017 4669 2155 4758 quibua

551 4811 562 4836 ο
589 4803 699 4872 prora
726 4783 822 4871 elba,
852 4791 1067 4874 praesertim
1094 4785 1390 4877 Camtschaticis,
1420 4791 1500 4858 alae
1527 4795 1666 4880 spuriae
1694 4812 1833 4880 pennae
1859 4797 2001 4860 tantum
2029 4789 2156 4878 albae,

588 4905 769 4972 interdum
796 4909 898 4996 nigro
927 4917 1114 4999 vrrgutee,
1143 4913 1206 4982 sed
1234 4915 1338 4984 nulla
1364 4913 1546 5004 ferrugine
1570 4917 1803 5004 marginales.
