4696 6054
967 447 1114 498 ·“·“·“-““···
1792 447 1879 530 277

188 644 509 764 temperatiores
534 641 800 751 latitudines,
832 647 886 768 ad
918 660 1001 731 60⁰.
1030 644 1290 753 latitudinis,
1346 648 1531 762 quaerit,
1572 647 1645 734 ubi
1673 650 1884 766 perbreve

190 825 358 918 tempus
398 798 606 914 gregatim
646 824 950 900 commoratur,
992 799 1197 916 brevique
1238 830 1353 886 mora
1393 799 1439 884 in
1467 803 1641 887 lacubus
1669 825 1713 887 et
1740 799 1881 887 fluviis

191 954 301 1038 facta
331 951 441 1056 abit,
483 951 804 1038 verosimillime
837 976 950 1038 trans
978 957 1198 1040 Oceanum
1224 952 1270 1037 in
1299 953 1543 1038 Americam
1570 953 1777 1068 migrans;
1832 951 1881 1038 i'n

191 1102 504 1190 australioribus
545 1103 662 1190 enim
703 1136 918 1220 uunquam
959 1106 1048 1191 visa
1090 1101 1165 1192 esi.
1240 1109 1457 1198 adventat
1496 1106 1545 1190 in·
1585 1103 1883 1195 Camtschatca

189 1258 302 1343 inter
329 1257 498 1372 primas,
526 1287 775 1373 praecursor
797 1263 852 1343 A.
884 1257 1173 1362 histrionicae,
1204 1261 1316 1342 unde
1347 1256 1719 1344 aCamtschadalis
1749 1259 1882 1343 etiam

189 1414 342 1528 Kajtlr,
395 1410 426 1496 i.
472 1439 509 1494 e.
553 1409 696 1524 auriga
736 1413 806 1495 vel
847 1411 998 1498 ductor
1035 1411 1371 1525 cognominatur.
1442 1411 1742 1497 Incubantibus
1771 1409 1888 1496 circa

191 1565 307 1650 lacus
334 1586 377 1648 et
403 1563 578 1679 paludes
606 1561 797 1648 maxime
820 1567 1009 1672 boreales
1050 1563 1265 1668 foeminis,
1324 1593 1457 1648 mares
1487 1565 1643 1648 abeunt
1671 1569 1725 1648 ad
1754 1571 1885 1648 Ocea·

194 1746 295 1800 num
336 1714 581 1830 glacialem,
628 1717 796 1831 plumas
834 1716 1060 1820 mutaturi,
1096 1717 1166 1802 cui
1204 1717 1332 1802 tantis
1360 1715 1554 1832 gregibus
1581 1713 1794 1814 innatant,
1836 1735 1884 1796 ut

185 1867 374 1982 integros
402 1866 516 1953 sinus
543 1889 588 1952 ec
623 1898 771 1982 magna
805 1899 928 1984 saepe
957 1869 1083 1955 maris
1111 1868 1248 1985 spatia
1259 1893 1421 1985 tegant.
1461 1864 1890 1955 Foeminaeinterim

185 2021 346 2138 pullos,
389 2019 441 2104 iu·
465 2019 785 2106 mediterraneis
815 2023 986 2108 lacubus
1016 2025 1225 2121 educant,
1255 2054 1441 2140 eosque,
1462 2051 1626 2138 summo
1649 2013 1762 2106 'licet
1786 2053 1889 2106 cum

185 2173 302 2259 vitae
328 2171 548 2288 periculo,
572 2204 789 2289 nunquam
816 2177 1028 2262 deserunt.
1086 2179 1280 2262 Tandem
1306 2207 1435 2291 quum
1465 2174 1607 2260 volare
1625 2173 1888 2277 didicerunt,

183 2357 287 2413 eum
312 2323 371 2410 iis
392 2327 557 2442 pariter
577 2357 725 2412 versus·
749 2357 871 2412 mare·
894 2332 1073 2434 abeunt,
1104 2331 1269 2445 plumas
1298 2352 1551 2432 mutaturae,
1582 2350 1627 2413 et
1652 2328 1890 2442 ingruente·

183 2481 338 2566 bruma
362 2477 673 2595 aliquantisper·
692 2477 743 2564 int
769 2481 884 2566 lacus
913 2505 965 2566 et·
985 2483 1158 2566 flumina
1185 2485 1403 2568 recedunt.
1489 2481 1615 2570 Circa
1637 2479 1889 2595 Petropolim
1955 2545 1958 2569 .

184 2656 232 2719 et
257 2629 308 2716 in
333 2631 528 2717 omnibus
556 2631 720 2745 Ingriae
748 2655 792 2716 et
821 2633 1064 2720 Fennoniae
1095 2637 1267 2722 lacubus
1295 2659 1395 2721 tunc
1423 2632 1648 2750 temporis,
1700 2660 1892 2749 praesera·

181 2784 265 2871 tim
305 2783 484 2872 Octobri
523 2785 663 2900 proles
704 2769 830 2890 illas
858 2786 1100 2901 parentibus
1146 2787 1451 2894 dissimillima,
1518 2818 1614 2873 curn
1653 2784 1891 2882 matribus,

185 2935 360 3053 copiose
390 2936 547 3022 retibus
576 2937 762 3054 capitur,
794 2961 837 3024 et
865 2938 916 3024 in
941 2942 1036 3026 foro.
1065 2971 1162 3026 cum
1189 2941 1438 3026 intermixta
1466 2945 1519 3024 A.
1536 2938 1761 3054 Colymbi,
1789 2967 1892 3053 pro--

184 3114 270 3178 stat
310 3093 385 3175 sub
429 3093 600 3174 nomine
641 3095 802 3209 Ljesnoi
848 3093 1045 3178 Tscbirols
1086 3095 1361 3208 (Querqued'.
1390 3093 1647 3208 sylvatica),
1704 3113 1891 3205 suntque·

185 3245 329 3332 minus
353 3242 633 3360 pisculentae,
662 3275 788 3357 qnam
819 3246 954 3331 adulti
982 3277 1138 3346 mares,
1169 3249 1305 3331 forsan
1335 3248 1454 3363 quod'
1476 3245 1746 3363 potissimum
1775 3243 1884 3327 inse·

186 3397 272 3486 etis
301 3394 504 3510 aquaticis
531 3395 769 3481 nutriuntur
795 3397 847 3482 in.
869 3397 1007 3515 prima
1033 3423 1183 3484 aetate.
1242 3404 1348 3485 Sunt
1375 3422 1515 3484 autem
1536 3429 1682 3485 omnes
1698 3395 1892 3512 pinguis·-

188 3547 338 3634 simae.
397 3549 619 3634 Caeterum
647 3547 754 3636 haec
782 3551 944 3667 species
971 3551 1169 3636 minatur·
1189 3553 1357 3669 egregie
1373 3575 1417 3638 et
1440 3551 1665 3653 oontinuo,
1695 3553 1895 3637 adtractus

188 3703 328 3805 collo,
385 3700 491 3786 semi
531 3703 728 3787 immersa
768 3733 900 3819 aquae
939 3703 1124 3808 innatat,
1182 3705 1341 3791 siccum
1370 3704 1465 3790 exit
1490 3735 1733 3819 nunquam„
1781 3704 1891 3818 quial

187 3853 373 3971 pedibus
419 3857 472 3939 ad
517 3855 793 3970 gradiendum
833 3857 896 3942 uti
922 3858 1074 3944 nescit.
1144 3863 1245 3944 Icon
1276 3889 1299 3940 a
1327 3861 1414 3943 Cel.
1444 3861 1717 3970 [spachin.
1752 3855 1892 3960 adita„

189 4005 322 4092 situm
351 4007 559 4124 corporis,
590 4039 717 4122 quem
745 4008 790 4092 in
818 4007 933 4095 sicco
960 4009 1122 4125 positae
1149 4009 1365 4109 retinent,
1392 4010 1581 4126 apprime
1609 4006 1836 4124 exprimit..

333 4163 510 4246 Descr.
568 4163 608 4246 V
606 4171 817 4266 arietatos,
876 4193 962 4248 non
1003 4162 1138 4247 solum
1178 4167 1408 4250 secundum
1437 4193 1593 4246 sexum.
1615 4183 1663 4246 et
1688 4183 1895 4259 aetatem,

188 4317 267 4404 sed
296 4312 431 4400 etiam
453 4311 573 4399 inter·
594 4317 762 4400 adultos
802 4347 956 4415 morea,
1009 4314 1240 4433 plurimae..
1314 4313 1667 4402 Constantissima.
1689 4311 1893 4398 hisnota:

187 4489 373 4556 rostrum
400 4467 733 4568 breviusculum,
762 4467 891 4554 fascia
919 4468 1035 4554 fulta
1062 4469 1138 4555 vel'
1159 4466 1367 4556 coccinea
1385 4471 1478 4552 iter·
1495 4495 1613 4551 nares
1640 4488 1892 4582 etunguem

187 4643 406 4723 notatum,
438 4641 482 4703 et
510 4621 642 4706 cauda
671 4620 920 4708 acuminata.
976 4623 1224 4735 Magnitudo
1253 4619 1426 4738 circiter.
1441 4619 1697 4734 Penelopes..
1745 4621 1896 4704 Rostri'.

191 4773 374 4860 maxilla
401 4771 575 4860 inferior
601 4773 696 4858 laxe
723 4799 894 4892 recepta
921 4773 1133 4891 superiore
1163 4776 1299 4860 multo
1326 4772 1503 4874 latiores„
1536 4769 1775 4874 fornicata,
1794 4797 1895 4854 seu.-

188 4927 472 5035 testudinata,
528 4925 640 5014 intus
678 4929 864 5014 lamellis
890 4930 971 5015 six,
991 4927 1101 5016 ultra
1134 4925 1287 5044 uiginti
1318 4924 1395 5010 vel
1416 4947 1461 5008 et
1487 4919 1895 5042 paucioribusant.
