4778 6044
754 743 927 857 LXVI·
997 744 1044 854 A
1077 747 1123 854 L
1155 747 1200 854 C
1232 747 1280 857 A
1316 747 1370 857 Ε.

338 1215 540 1300 Alcaeum
567 1209 779 1328 quondam
807 1206 935 1295 unieo
963 1237 1119 1322 genere
1146 1229 1190 1294 et
1218 1209 1271 1294 eb
1305 1211 1373 1296 Ill.
1417 1210 1651 1302 Linnaeo
1699 1238 1746 1302 et
1775 1247 1799 1304 a
1827 1248 1898 1310 me

153 1421 156 1430 ι
198 1358 293 1479 ipso
322 1367 482 1481 (Spieil.
512 1369 631 1453 Zool.
662 1366 782 1448 Fase.
812 1365 888 1476 V.)
916 1357 1263 1472 comprehensam
1293 1361 1521 1469 familiam,
1561 1367 1720 1455 arctico
1746 1372 1901 1490 pelago
1931 1484 1939 1506 α

196 1515 444 1629 praesertim
472 1516 708 1633 propriam,
753 1514 891 1600 sentio
917 1544 1031 1600 nune
1060 1513 1198 1630 aptius
1226 1545 1323 1600 cum
1349 1517 1582 1630 Moeiingio
1612 1543 1657 1606 et
1685 1526 1897 1614 Brissonr'o

196 1665 243 1752 in
269 1667 351 1752 tria
378 1667 491 1754 inter
517 1698 561 1752 se
591 1669 754 1768 affinia,
809 1664 1045 1783 habituque
1078 1689 1125 1752 et
1166 1665 1353 1752 moribus
1382 1668 1509 1751 valde
1541 1669 1716 1784 quidem
1741 1707 1895 1764 conve-

196 1819 358 1905 nientia
387 1849 541 1935 genere
569 1851 693 1936 posse
719 1819 936 1938 dispertiri
949 1855 961 1921 ς
999 1819 1153 1936 quibus
1178 1819 1353 1908 nomina
1384 1821 1511 1907 Uriae
1539 1826 1590 1930 (a
1618 1827 1895 1919 Brissonr'o

196 1945 495 2089 adplicatum),
525 1978 657 2060 Aleae
685 1973 932 2091 specialiter
955 1971 1096 2059 dietae
1124 1994 1170 2057 et
1195 1978 1322 2085 (cum
1350 1975 1599 2088 Gesnero)
1625 1981 1794 2092 bundare
1823 1987 1894 2070 ad·

192 2122 402 2242 propriori
430 2155 551 2243 posse
578 2149 705 2244 puto,
749 2125 901 2242 quibus
930 2123 1061 2212 etiam
1090 2121 1165 2212 hic
1195 2148 1301 2210 utar.
1373 2125 1563 2214 Omnino
1590 2133 1816 2245 peculiaris
1845 2159 1890 2224 et

190 2275 239 2361 in
278 2275 396 2362 omni
433 2277 574 2366 arium
618 2302 744 2366 coetu
787 2278 925 2364 aliena
965 2280 1096 2392 figura
1139 2277 1286 2384 rostri,
1346 2308 1474 2395 quam
1521 2283 1668 2368 Lunda
1709 2299 1890 2395 cretica,

192 2431 504 2546 (Moeringio
533 2431 774 2537 Coeniscue
804 2435 1075 2518 Brissonio
1103 2431 1346 2515 Fratercula
1381 2429 1514 2541 dicta)
1545 2463 1644 2520 eum
1680 2438 1892 2558 descripta

191 2613 315 2668 anre
343 2583 528 2701 primum
555 2586 702 2672 Lenda
730 2589 911 2670 cimbam
947 2605 1100 2670 exacte
1138 2613 1408 2670 communem
1443 2579 1575 2672 habet
1585 2647 1602 2688 ,
1643 2589 1744 2676 satie
1772 2622 1890 2679 accu-
1948 2615 1953 2626 ’

188 2755 279 2820 rare
318 2733 404 2822 hoe
444 2767 574 2852 genus
616 2734 936 2823 circumscribit
1009 2735 1233 2823 Proximae
1273 2734 1343 2821 his
1372 2759 1468 2822 sunt
1495 2768 1618 2826 verae
1643 2745 1800 2846 Aleae,
1845 2769 1890 2834 et

191 2887 377 3004 aliquam
418 2888 592 3006 quidem
633 2888 958 2975 similitudinem
999 2920 1078 3007 per
1116 2890 1254 2976 sulcos
1282 2889 1407 2976 rostri
1442 2888 1655 2995 indicant,
1696 2899 1772 2982 sed
1797 2922 1890 2988 tote

186 3039 517 3128 circumcaesura
546 3064 591 3128 et
617 3041 892 3158 proportione
919 3043 1044 3128 rostri
1070 3041 1173 3128 satis
1200 3040 1417 3130 differunt.
1491 3047 1686 3136 Tertium
1711 3055 1885 3141 tandem

188 3223 339 3310 genus,
373 3197 501 3282 Uriae
526 3197 579 3281 ab
606 3219 786 3312 utroque
813 3193 1016 3310 priomm,
1044 3195 1179 3282 forma
1206 3195 1332 3280 rostri
1357 3197 1452 3280 fere
1474 3199 1698 3306 tetraonis,
1727 3203 1884 3292 discre-

186 3369 293 3462 pant
320 3370 364 3434 et
393 3349 522 3434 variis
548 3349 661 3436 circa
688 3369 816 3464 eaput
843 3348 1100 3436 ornamentis
1127 3346 1362 3465 plumaeeis
1390 3375 1524 3463 aeque
1557 3349 1606 3436 in
1641 3353 1887 3470 propiorem

188 3500 596 3615 consanguinitatem
624 3516 785 3588 coeunt
807 3525 853 3588 et
880 3503 982 3590 satis
1016 3501 1194 3588 disserte
1221 3529 1352 3616 genus
1381 3501 1659 3624 constituunt.

328 3656 487 3741 Omnes
510 3649 660 3740 horum
678 3654 807 3738 trium
836 3683 1059 3770 generum,
1088 3655 1160 3742 vel
1187 3653 1223 3738 si
1249 3653 1385 3740 mavis
1411 3651 1693 3773 phalangum,
1721 3661 1886 3780 speeies

186 3830 283 3894 sunt
322 3804 573 3892 urinatriees
614 3805 802 3890 marinae
842 3827 887 3890 et
921 3808 998 3890 sub
1026 3805 1180 3920 frigida
1208 3829 1326 3892 arcto
1352 3805 1532 3912 vinoun
1585 3843 1734 3900 omues
1758 3819 1884 3929 pedes

182 3957 347 4048 habent
385 3991 497 4078 pone
540 3955 838 4076 aequilibrium
877 3959 1057 4076 positos,
1097 3955 1267 4071 ingredi
1307 3955 1401 4042 sine
1439 3958 1600 4044 alarum
1637 3966 1883 4079 adjumento

183 4112 371 4218 nescios,
401 4113 670 4231 tridaetylos,
701 4113 918 4230 palmatos¹
936 4113 1031 4214 vel,
1069 4133 1118 4198 ut
1142 4140 1242 4196 eum
1271 4111 1479 4196 Kleinio
1504 4111 1674 4230 loquar,
1714 4116 1878 4233 plot0s3

185 4265 382 4354 omnibus
409 4273 502 4353 eloe
529 4289 625 4352 sunt
651 4297 729 4384 pro
759 4265 946 4384 eorporis
973 4263 1173 4383 portione
1199 4265 1399 4381 parvulae
1426 4285 1475 4348 et
1507 4267 1644 4352 caude
1680 4269 1878 4358 brevissi·

184 4449 284 4522 me3
325 4429 438 4509 color
466 4441 606 4504 autem
636 4417 832 4506 omnibus
859 4451 981 4538 supra
1008 4416 1143 4533 niger.
1200 4419 1365 4504 Omnes
1388 4416 1634 4503 nidulantur
1659 4419 1705 4506 in
1734 4452 1877 4508 caver·

184 4573 252 4661 nis
280 4596 325 4659 et
351 4571 503 4660 fissuris
529 4574 796 4688 scopulontm
825 4575 915 4658 fere
943 4573 1033 4658 siue
1060 4573 1150 4660 ullo
1177 4594 1330 4677 strato,
1370 4591 1413 4656 et
1444 4601 1569 4656 ovum
1593 4571 1763 4688 pariunt
1789 4597 1878 4659 tan·

183 4730 405 4814 tummodo
434 4759 586 4826 unum,
614 4727 688 4812 sed
714 4757 792 4844 pro
821 4726 936 4812 mole
964 4722 1053 4810 avis
1081 4723 1329 4812 maximum.
1383 4721 1548 4808 Vivunt
1575 4753 1723 4810 ornnes
1749 4748 1874 4812 testa·

186 4877 277 4966 eeis
303 4881 373 4964 vel
401 4877 640 4982 molluscis,
678 4875 796 4968 unde
822 4909 966 4966 earnes
994 4909 1081 4968 non
1107 4877 1401 4996 pisculentaer
1427 4876 1502 4964 sed
1529 4884 1650 4995 pellis
1676 4878 1874 4966 omnibus

182 5051 321 5126 tenax
341 5055 387 5120 et
413 5035 551 5144 firme,
589 5064 642 5123 ue
669 5033 782 5122 inter
808 5065 908 5122 saxa
935 5031 1196 5122 versantibus
1226 5029 1481 5120 vulneretur.
