<?xml version="1.0" encoding="UTF-8"?>
<!DOCTYPE html PUBLIC "-//W3C//DTD XHTML 1.0 Transitional//EN"
    "http://www.w3.org/TR/xhtml1/DTD/xhtml1-transitional.dtd">
<html xmlns="http://www.w3.org/1999/xhtml" xml:lang="en" lang="en">
 <head>
  <title>
</title>
<meta http-equiv="Content-Type" content="text/html;charset=utf-8" />
  <meta name='ocr-system' content='tesseract 3.04.00' />
  <meta name='ocr-capabilities' content='ocr_page ocr_carea ocr_par ocr_line ocrx_word'/>
</head>
<body>
  <div class='ocr_page' id='page_1' title='image "./zoographiarosso02pallgoog_0205.png"; bbox 0 0 4734 6070; ppageno 0'>
   <div class='ocr_carea' id='block_1_1' title="bbox 471 457 1384 550">
    <p class='ocr_par' dir='ltr' id='par_1_1' title="bbox 471 457 1384 550">
     <span class='ocr_line' id='line_1_1' title="bbox 471 457 1384 550; baseline -0.003 -21"><span class='ocrx_word' id='word_1_1' title='bbox 471 457 559 550; x_wconf 77' lang='lat'>178</span> <span class='ocrx_word' id='word_1_2' title='bbox 1229 459 1384 526; x_wconf 69' lang='grc' dir='ltr'>ιιι-...τ-</span> 
     </span>
    </p>
   </div>
   <div class='ocr_carea' id='block_1_2' title="bbox 469 661 2145 940">
    <p class='ocr_par' dir='ltr' id='par_1_2' title="bbox 469 661 2145 940">
     <span class='ocr_line' id='line_1_2' title="bbox 469 661 2145 783; baseline 0.001 -29"><span class='ocrx_word' id='word_1_3' title='bbox 469 666 554 754; x_wconf 89' lang='lat' dir='ltr'>nisi</span> <span class='ocrx_word' id='word_1_4' title='bbox 584 666 822 754; x_wconf 80' lang='lat' dir='ltr'>exterioris.</span> <span class='ocrx_word' id='word_1_5' title='bbox 902 669 1098 756; x_wconf 85' lang='lat' dir='ltr'>Mensura</span> <span class='ocrx_word' id='word_1_6' title='bbox 1125 671 1178 752; x_wconf 87' lang='lat' dir='ltr'>ad</span> <span class='ocrx_word' id='word_1_7' title='bbox 1204 661 1459 783; x_wconf 86' lang='lat' dir='ltr'>uropygium</span> <span class='ocrx_word' id='word_1_8' title='bbox 1485 661 1574 748; x_wconf 79' lang='lat' dir='ltr'>fere</span> <span class='ocrx_word' id='word_1_9' title='bbox 1603 675 1666 751; x_wconf 78' lang='grc' dir='ltr'>δ”.</span> <span class='ocrx_word' id='word_1_10' title='bbox 1694 661 1817 752; x_wconf 87' lang='lat' dir='ltr'>rostri</span> <span class='ocrx_word' id='word_1_11' title='bbox 1849 675 1905 750; x_wconf 85' lang='lat' dir='ltr'>r&#39;‘.</span> <span class='ocrx_word' id='word_1_12' title='bbox 1935 675 2003 754; x_wconf 80' lang='lat'>3&#39;“.</span> <span class='ocrx_word' id='word_1_13' title='bbox 2030 666 2145 762; x_wconf 87' lang='lat' dir='ltr'>tibiae</span> 
     </span>
     <span class='ocr_line' id='line_1_3' title="bbox 477 818 1715 940; baseline 0 -36"><span class='ocrx_word' id='word_1_14' title='bbox 477 825 597 914; x_wconf 63' lang='lat' dir='ltr'>roam.</span> <span class='ocrx_word' id='word_1_15' title='bbox 629 819 757 937; x_wconf 81' lang='lat' dir='ltr'>digiti</span> <span class='ocrx_word' id='word_1_16' title='bbox 784 819 920 906; x_wconf 90' lang='lat' dir='ltr'>medii</span> <span class='ocrx_word' id='word_1_17' title='bbox 953 823 1045 906; x_wconf 59' lang='lat' dir='ltr'>rom.</span> <span class='ocrx_word' id='word_1_18' title='bbox 1076 818 1231 940; x_wconf 87' lang='lat' dir='ltr'>postici</span> <span class='ocrx_word' id='word_1_19' title='bbox 1261 819 1331 904; x_wconf 56' lang='lat' dir='ltr'>am.</span> <span class='ocrx_word' id='word_1_20' title='bbox 1361 819 1519 906; x_wconf 86' lang='lat' dir='ltr'>caudae</span> <span class='ocrx_word' id='word_1_21' title='bbox 1554 819 1609 904; x_wconf 85' lang='lat'>1&#39;&#39;.</span> <span class='ocrx_word' id='word_1_22' title='bbox 1645 827 1715 926; x_wconf 83' lang='grc'>9”.</span> 
     </span>
    </p>
   </div>
   <div class='ocr_carea' id='block_1_3' title="bbox 745 1190 1710 1372">
    <p class='ocr_par' dir='ltr' id='par_1_3' title="bbox 745 1190 1710 1372">
     <span class='ocr_line' id='line_1_4' title="bbox 745 1190 1710 1372; baseline -0.003 -3"><span class='ocrx_word' id='word_1_23' title='bbox 745 1231 749 1238; x_wconf 83' lang='grc'><strong>’</strong></span> <span class='ocrx_word' id='word_1_24' title='bbox 929 1190 1710 1372; x_wconf 66' lang='lat' dir='ltr'>xuvur&#39;orrtosau</span> 
     </span>
    </p>
   </div>
   <div class='ocr_carea' id='block_1_4' title="bbox 468 1727 2163 2156">
    <p class='ocr_par' dir='ltr' id='par_1_4' title="bbox 468 1727 2163 2156">
     <span class='ocr_line' id='line_1_5' title="bbox 609 1727 2158 1848; baseline 0.001 -32"><span class='ocrx_word' id='word_1_25' title='bbox 609 1735 799 1820; x_wconf 80' lang='lat' dir='ltr'>Limosas</span> <span class='ocrx_word' id='word_1_26' title='bbox 827 1763 851 1816; x_wconf 98' lang='lat' dir='ltr'>a</span> <span class='ocrx_word' id='word_1_27' title='bbox 880 1731 1182 1848; x_wconf 85' lang='lat' dir='ltr'>Scolopacibns</span> <span class='ocrx_word' id='word_1_28' title='bbox 1214 1728 1438 1846; x_wconf 76' lang='lat' dir='ltr'>distinguit</span> <span class='ocrx_word' id='word_1_29' title='bbox 1474 1751 1651 1819; x_wconf 80' lang='lat' dir='ltr'>rostrum</span> <span class='ocrx_word' id='word_1_30' title='bbox 1690 1727 1813 1846; x_wconf 81' lang='lat' dir='ltr'>apice</span> <span class='ocrx_word' id='word_1_31' title='bbox 1840 1729 1963 1816; x_wconf 77' lang='lat' dir='ltr'>laeve</span> <span class='ocrx_word' id='word_1_32' title='bbox 2003 1752 2048 1818; x_wconf 94' lang='lat' dir='ltr'>et</span> <span class='ocrx_word' id='word_1_33' title='bbox 2074 1763 2158 1820; x_wconf 88' lang='lat' dir='ltr'>acu·</span> 
     </span>
     <span class='ocr_line' id='line_1_6' title="bbox 475 1879 2162 2002; baseline 0.001 -32"><span class='ocrx_word' id='word_1_34' title='bbox 475 1881 731 1989; x_wconf 84' lang='lat' dir='ltr'>tiusculum,</span> <span class='ocrx_word' id='word_1_35' title='bbox 774 1893 909 2002; x_wconf 79' lang='lat' dir='ltr'>plicae</span> <span class='ocrx_word' id='word_1_36' title='bbox 936 1883 1048 1970; x_wconf 91' lang='lat' dir='ltr'>inter</span> <span class='ocrx_word' id='word_1_37' title='bbox 1088 1885 1269 2002; x_wconf 80' lang='lat' dir='ltr'>digitos,</span> <span class='ocrx_word' id='word_1_38' title='bbox 1310 1883 1557 2002; x_wconf 88' lang='lat' dir='ltr'>praesertim</span> <span class='ocrx_word' id='word_1_39' title='bbox 1599 1879 1856 1968; x_wconf 83' lang='lat' dir='ltr'>exteriorem</span> <span class='ocrx_word' id='word_1_40' title='bbox 1896 1883 2103 2000; x_wconf 85' lang='lat' dir='ltr'>insignes;</span> <span class='ocrx_word' id='word_1_41' title='bbox 2140 1915 2162 1970; x_wconf 86' lang='lat' dir='ltr'>a</span> 
     </span>
     <span class='ocr_line' id='line_1_7' title="bbox 468 2033 2163 2156; baseline 0.002 -34"><span class='ocrx_word' id='word_1_42' title='bbox 468 2035 652 2150; x_wconf 86' lang='lat' dir='ltr'>Tryngis</span> <span class='ocrx_word' id='word_1_43' title='bbox 687 2059 864 2124; x_wconf 73' lang='lat' dir='ltr'>tornum</span> <span class='ocrx_word' id='word_1_44' title='bbox 891 2039 1026 2122; x_wconf 89' lang='lat' dir='ltr'>multo</span> <span class='ocrx_word' id='word_1_45' title='bbox 1053 2038 1243 2152; x_wconf 88' lang='lat' dir='ltr'>longius,</span> <span class='ocrx_word' id='word_1_46' title='bbox 1277 2035 1480 2124; x_wconf 88' lang='lat' dir='ltr'>tibiarum</span> <span class='ocrx_word' id='word_1_47' title='bbox 1507 2033 1820 2153; x_wconf 87' lang='lat' dir='ltr'>longitudinem</span> <span class='ocrx_word' id='word_1_48' title='bbox 1848 2067 2054 2156; x_wconf 86' lang='lat' dir='ltr'>aequans,</span> <span class='ocrx_word' id='word_1_49' title='bbox 2080 2037 2163 2124; x_wconf 89' lang='lat' dir='ltr'>imo</span> 
     </span>
    </p>
   </div>
   <div class='ocr_carea' id='block_1_5' title="bbox 451 2188 2310 2968">
    <p class='ocr_par' dir='ltr' id='par_1_5' title="bbox 451 2188 2310 2968">
     <span class='ocr_line' id='line_1_8' title="bbox 476 2188 2164 2307; baseline 0.002 -33"><span class='ocrx_word' id='word_1_50' title='bbox 476 2217 690 2304; x_wconf 85' lang='lat' dir='ltr'>superans.</span> <span class='ocrx_word' id='word_1_51' title='bbox 747 2189 970 2278; x_wconf 79' lang='lat' dir='ltr'>Graviores</span> <span class='ocrx_word' id='word_1_52' title='bbox 1000 2188 1266 2277; x_wconf 80' lang='lat' dir='ltr'>characteres</span> <span class='ocrx_word' id='word_1_53' title='bbox 1293 2219 1380 2276; x_wconf 92' lang='lat' dir='ltr'>non</span> <span class='ocrx_word' id='word_1_54' title='bbox 1406 2211 1626 2294; x_wconf 83' lang='lat' dir='ltr'>constant,</span> <span class='ocrx_word' id='word_1_55' title='bbox 1669 2211 1765 2276; x_wconf 86' lang='lat' dir='ltr'>sunt</span> <span class='ocrx_word' id='word_1_56' title='bbox 1793 2189 1911 2276; x_wconf 90' lang='lat' dir='ltr'>enim</span> <span class='ocrx_word' id='word_1_57' title='bbox 1941 2193 2025 2278; x_wconf 85' lang='lat' dir='ltr'>ista</span> <span class='ocrx_word' id='word_1_58' title='bbox 2051 2219 2164 2307; x_wconf 85' lang='lat' dir='ltr'>gene·</span> 
     </span>
     <span class='ocr_line' id='line_1_9' title="bbox 475 2314 2310 2462; baseline 0.005 -36"><span class='ocrx_word' id='word_1_59' title='bbox 475 2314 546 2444; x_wconf 78' lang='lat' dir='ltr'>ra,</span> <span class='ocrx_word' id='word_1_60' title='bbox 576 2363 772 2458; x_wconf 90' lang='lat' dir='ltr'>utsupra</span> <span class='ocrx_word' id='word_1_61' title='bbox 802 2340 917 2448; x_wconf 86' lang='lat' dir='ltr'>dixi,</span> <span class='ocrx_word' id='word_1_62' title='bbox 947 2343 1061 2430; x_wconf 91' lang='lat' dir='ltr'>inter</span> <span class='ocrx_word' id='word_1_63' title='bbox 1088 2375 1132 2430; x_wconf 89' lang='lat' dir='ltr'>se</span> <span class='ocrx_word' id='word_1_64' title='bbox 1161 2373 1288 2462; x_wconf 89' lang='lat' dir='ltr'>quam</span> <span class='ocrx_word' id='word_1_65' title='bbox 1315 2343 1501 2432; x_wconf 85' lang='lat' dir='ltr'>maxime</span> <span class='ocrx_word' id='word_1_66' title='bbox 1529 2341 1684 2428; x_wconf 86' lang='lat' dir='ltr'>affinia.</span> <span class='ocrx_word' id='word_1_67' title='bbox 1741 2343 1969 2432; x_wconf 80' lang='lat' dir='ltr'>Oculonrm</span> <span class='ocrx_word' id='word_1_68' title='bbox 1994 2357 2097 2432; x_wconf 83' lang='lat' dir='ltr'>situs</span> <span class='ocrx_word' id='word_1_69' title='bbox 2124 2343 2166 2430; x_wconf 88' lang='lat' dir='ltr'>in</span> <span class='ocrx_word' id='word_1_70' title='bbox 2309 2373 2310 2436; x_wconf 59' lang='lat' dir='ltr'>t</span> 
     </span>
     <span class='ocr_line' id='line_1_10' title="bbox 476 2492 2169 2613; baseline 0.004 -36"><span class='ocrx_word' id='word_1_71' title='bbox 476 2493 596 2578; x_wconf 85' lang='lat' dir='ltr'>nulla</span> <span class='ocrx_word' id='word_1_72' title='bbox 624 2492 795 2584; x_wconf 89' lang='lat' dir='ltr'>Limosa</span> <span class='ocrx_word' id='word_1_73' title='bbox 823 2499 931 2585; x_wconf 90' lang='lat' dir='ltr'>adeo</span> <span class='ocrx_word' id='word_1_74' title='bbox 960 2529 984 2582; x_wconf 89' lang='lat' dir='ltr'>a</span> <span class='ocrx_word' id='word_1_75' title='bbox 1011 2521 1146 2584; x_wconf 90' lang='lat' dir='ltr'>rostro</span> <span class='ocrx_word' id='word_1_76' title='bbox 1175 2520 1359 2582; x_wconf 86' lang='lat' dir='ltr'>remotus</span> <span class='ocrx_word' id='word_1_77' title='bbox 1388 2519 1452 2582; x_wconf 88' lang='lat' dir='ltr'>est</span> <span class='ocrx_word' id='word_1_78' title='bbox 1464 2558 1478 2598; x_wconf 90' lang='lat'>,</span> <span class='ocrx_word' id='word_1_79' title='bbox 1519 2519 1567 2582; x_wconf 87' lang='lat' dir='ltr'>ut</span> <span class='ocrx_word' id='word_1_80' title='bbox 1591 2493 1639 2582; x_wconf 91' lang='lat' dir='ltr'>in</span> <span class='ocrx_word' id='word_1_81' title='bbox 1667 2496 1996 2613; x_wconf 89' lang='lat' dir='ltr'>Scolopacibus,</span> <span class='ocrx_word' id='word_1_82' title='bbox 2038 2521 2082 2585; x_wconf 92' lang='lat' dir='ltr'>et</span> <span class='ocrx_word' id='word_1_83' title='bbox 2107 2529 2169 2586; x_wconf 86' lang='lat' dir='ltr'>ca·</span> 
     </span>
     <span class='ocr_line' id='line_1_11' title="bbox 473 2643 2169 2778; baseline 0.006 -50"><span class='ocrx_word' id='word_1_84' title='bbox 473 2643 580 2760; x_wconf 86' lang='lat' dir='ltr'>pitis</span> <span class='ocrx_word' id='word_1_85' title='bbox 608 2646 743 2731; x_wconf 84' lang='lat' dir='ltr'>forma</span> <span class='ocrx_word' id='word_1_86' title='bbox 770 2645 911 2736; x_wconf 88' lang='lat' dir='ltr'>minus</span> <span class='ocrx_word' id='word_1_87' title='bbox 938 2647 1124 2738; x_wconf 87' lang='lat' dir='ltr'>insolita.</span> <span class='ocrx_word' id='word_1_88' title='bbox 1174 2653 1280 2778; x_wconf 79' lang='lat' dir='ltr'>Sunt</span> <span class='ocrx_word' id='word_1_89' title='bbox 1306 2649 1434 2734; x_wconf 86' lang='lat' dir='ltr'>etiarn</span> <span class='ocrx_word' id='word_1_90' title='bbox 1461 2647 1709 2766; x_wconf 89' lang='lat' dir='ltr'>plerumque</span> <span class='ocrx_word' id='word_1_91' title='bbox 1738 2647 1914 2737; x_wconf 87' lang='lat' dir='ltr'>diurnae</span> <span class='ocrx_word' id='word_1_92' title='bbox 1944 2681 2058 2758; x_wconf 85' lang='lat' dir='ltr'>aves,</span> <span class='ocrx_word' id='word_1_93' title='bbox 2088 2681 2169 2738; x_wconf 87' lang='lat' dir='ltr'>non</span> 
     </span>
     <span class='ocr_line' id='line_1_12' title="bbox 451 2798 2310 2968; baseline 0.005 -86"><span class='ocrx_word' id='word_1_94' title='bbox 451 2798 744 2884; x_wconf 75' lang='lat' dir='ltr'>&#39;tenebrarum</span> <span class='ocrx_word' id='word_1_95' title='bbox 772 2825 984 2907; x_wconf 84' lang='lat' dir='ltr'>amantes,</span> <span class='ocrx_word' id='word_1_96' title='bbox 1012 2802 1078 2888; x_wconf 91' lang='lat' dir='ltr'>uti</span> <span class='ocrx_word' id='word_1_97' title='bbox 1104 2804 1366 2918; x_wconf 86' lang='lat' dir='ltr'>Scolopaces.</span> <span class='ocrx_word' id='word_1_98' title='bbox 1420 2803 1644 2890; x_wconf 87' lang='lat' dir='ltr'>Caeterum</span> <span class='ocrx_word' id='word_1_99' title='bbox 1671 2801 1858 2890; x_wconf 74' lang='lat' dir='ltr'>morib‘ns</span> <span class='ocrx_word' id='word_1_100' title='bbox 1885 2825 1932 2891; x_wconf 89' lang='lat' dir='ltr'>et</span> <span class='ocrx_word' id='word_1_101' title='bbox 1959 2803 2077 2892; x_wconf 80' lang='lat' dir='ltr'>vina</span> <span class='ocrx_word' id='word_1_102' title='bbox 2106 2833 2170 2922; x_wconf 87' lang='lat' dir='ltr'>ge·</span> <span class='ocrx_word' id='word_1_103' title='bbox 2309 2907 2310 2968; x_wconf 27' lang='grc' dir='ltr'>ᾖ</span> 
     </span>
    </p>
   </div>
   <div class='ocr_carea' id='block_1_6' title="bbox 468 2947 1695 3074">
    <p class='ocr_par' dir='ltr' id='par_1_6' title="bbox 468 2947 1695 3074">
     <span class='ocr_line' id='line_1_13' title="bbox 468 2947 1695 3074; baseline 0.004 -36"><span class='ocrx_word' id='word_1_104' title='bbox 468 2976 571 3038; x_wconf 84' lang='lat' dir='ltr'>nere</span> <span class='ocrx_word' id='word_1_105' title='bbox 599 2947 675 3034; x_wconf 84' lang='lat' dir='ltr'>rix</span> <span class='ocrx_word' id='word_1_106' title='bbox 707 2951 938 3060; x_wconf 72' lang='lat' dir='ltr'>differunt,</span> <span class='ocrx_word' id='word_1_107' title='bbox 967 2985 1047 3043; x_wconf 92' lang='lat' dir='ltr'>nec</span> <span class='ocrx_word' id='word_1_108' title='bbox 1073 2985 1152 3074; x_wconf 91' lang='lat' dir='ltr'>pro</span> <span class='ocrx_word' id='word_1_109' title='bbox 1181 2953 1324 3040; x_wconf 88' lang='lat' dir='ltr'>culina</span> <span class='ocrx_word' id='word_1_110' title='bbox 1351 2956 1488 3043; x_wconf 89' lang='lat' dir='ltr'>multo</span> <span class='ocrx_word' id='word_1_111' title='bbox 1515 2963 1695 3072; x_wconf 87' lang='lat' dir='ltr'>pejores.</span> 
     </span>
    </p>
   </div>
   <div class='ocr_carea' id='block_1_7' title="bbox 814 3207 1831 3328">
    <p class='ocr_par' dir='ltr' id='par_1_7' title="bbox 814 3207 1831 3328">
     <span class='ocr_line' id='line_1_14' title="bbox 814 3207 1831 3328; baseline 0.002 -30"><span class='ocrx_word' id='word_1_112' title='bbox 814 3212 930 3328; x_wconf 83' lang='lat'>289.</span> <span class='ocrx_word' id='word_1_113' title='bbox 1020 3207 1335 3302; x_wconf 85' lang='lat' dir='ltr'>LIMOSA</span> <span class='ocrx_word' id='word_1_114' title='bbox 1419 3209 1831 3327; x_wconf 83' lang='lat' dir='ltr'>Aegocepholo.</span> 
     </span>
    </p>
   </div>
   <div class='ocr_carea' id='block_1_8' title="bbox 474 3413 2309 4460">
    <p class='ocr_par' dir='ltr' id='par_1_8' title="bbox 474 3413 2309 4460">
     <span class='ocr_line' id='line_1_15' title="bbox 474 3413 2170 3540; baseline 0.013 -50"><span class='ocrx_word' id='word_1_115' title='bbox 474 3465 479 3475; x_wconf 82' lang='lat'>-</span> <span class='ocrx_word' id='word_1_116' title='bbox 608 3413 660 3496; x_wconf 89' lang='lat' dir='ltr'>L.</span> <span class='ocrx_word' id='word_1_117' title='bbox 689 3414 870 3530; x_wconf 88' lang='lat' dir='ltr'>pedibus</span> <span class='ocrx_word' id='word_1_118' title='bbox 898 3416 1226 3522; x_wconf 82' lang='lat' dir='ltr'>virescentibus,</span> <span class='ocrx_word' id='word_1_119' title='bbox 1256 3417 1396 3534; x_wconf 88' lang='lat' dir='ltr'>capite</span> <span class='ocrx_word' id='word_1_120' title='bbox 1424 3415 1620 3534; x_wconf 87' lang='lat' dir='ltr'>colloque</span> <span class='ocrx_word' id='word_1_121' title='bbox 1647 3423 1769 3520; x_wconf 86' lang='lat' dir='ltr'>rufis,</span> <span class='ocrx_word' id='word_1_122' title='bbox 1802 3431 1979 3538; x_wconf 75' lang='lat' dir='ltr'>pectore</span> <span class='ocrx_word' id='word_1_123' title='bbox 2021 3451 2170 3540; x_wconf 81' lang='lat' dir='ltr'>rrropy·</span> 
     </span>
     <span class='ocr_line' id='line_1_16' title="bbox 474 3533 2309 3688; baseline 0.012 -42"><span class='ocrx_word' id='word_1_124' title='bbox 474 3555 632 3678; x_wconf 84' lang='lat' dir='ltr'>gioque</span> <span class='ocrx_word' id='word_1_125' title='bbox 660 3565 786 3673; x_wconf 84' lang='lat' dir='ltr'>albo,</span> <span class='ocrx_word' id='word_1_126' title='bbox 816 3567 1156 3688; x_wconf 86' lang='lat' dir='ltr'>hypochondriis</span> <span class='ocrx_word' id='word_1_127' title='bbox 1185 3569 1369 3658; x_wconf 87' lang='lat' dir='ltr'>doliatis.</span> <span class='ocrx_word' id='word_1_128' title='bbox 1869 3674 1872 3685; x_wconf 27' lang='lat'><strong>¹</strong></span> <span class='ocrx_word' id='word_1_129' title='bbox 2308 3533 2309 3560; x_wconf 35' lang='lat' dir='ltr'>i</span> 
     </span>
     <span class='ocr_line' id='line_1_17' title="bbox 699 3722 2309 3846; baseline 0.007 -40"><span class='ocrx_word' id='word_1_130' title='bbox 699 3723 834 3838; x_wconf 83' lang='lat' dir='ltr'>Berge</span> <span class='ocrx_word' id='word_1_131' title='bbox 876 3753 949 3810; x_wconf 87' lang='lat' dir='ltr'>seu</span> <span class='ocrx_word' id='word_1_132' title='bbox 987 3722 1290 3842; x_wconf 85' lang='lat' dir='ltr'>Aegocepbala</span> <span class='ocrx_word' id='word_1_133' title='bbox 1332 3728 1591 3823; x_wconf 78' lang='lat' dir='ltr'>Arctorum,</span> <span class='ocrx_word' id='word_1_134' title='bbox 1629 3727 1771 3822; x_wconf 84' lang='lat' dir='ltr'>Albin.</span> <span class='ocrx_word' id='word_1_135' title='bbox 1809 3759 1876 3820; x_wconf 79' lang='lat' dir='ltr'>aa.</span> <span class='ocrx_word' id='word_1_136' title='bbox 1917 3731 1977 3816; x_wconf 84' lang='lat' dir='ltr'>tr.</span> <span class='ocrx_word' id='word_1_137' title='bbox 2019 3763 2063 3846; x_wconf 84' lang='lat' dir='ltr'>p.</span> <span class='ocrx_word' id='word_1_138' title='bbox 2105 3741 2169 3836; x_wconf 71' lang='grc'>64.</span> <span class='ocrx_word' id='word_1_139' title='bbox 2308 3751 2309 3762; x_wconf 67' lang='lat'>‘</span> 
     </span>
     <span class='ocr_line' id='line_1_18' title="bbox 577 3874 934 3990; baseline 0.022 -34"><span class='ocrx_word' id='word_1_140' title='bbox 577 3971 584 3986; x_wconf 29' lang='grc' dir='ltr'>ι</span> <span class='ocrx_word' id='word_1_141' title='bbox 749 3874 835 3962; x_wconf 83' lang='lat' dir='ltr'>tob.</span> <span class='ocrx_word' id='word_1_142' title='bbox 865 3913 934 3990; x_wconf 90' lang='lat'>7⁰·</span> 
     </span>
     <span class='ocr_line' id='line_1_19' title="bbox 695 4026 2094 4148; baseline 0.007 -37"><span class='ocrx_word' id='word_1_143' title='bbox 695 4026 919 4147; x_wconf 80' lang='lat' dir='ltr'>Gallinago</span> <span class='ocrx_word' id='word_1_144' title='bbox 944 4029 1086 4148; x_wconf 82' lang='lat' dir='ltr'>¹major</span> <span class='ocrx_word' id='word_1_145' title='bbox 1112 4030 1280 4118; x_wconf 84' lang='lat' dir='ltr'>cinerea</span> <span class='ocrx_word' id='word_1_146' title='bbox 1293 4092 1307 4132; x_wconf 87' lang='lat'>,</span> <span class='ocrx_word' id='word_1_147' title='bbox 1333 4036 1494 4120; x_wconf 74' lang='lat' dir='ltr'>Mersit.</span> <span class='ocrx_word' id='word_1_148' title='bbox 1523 4035 1676 4122; x_wconf 72' lang='lat' dir='ltr'>donat.</span> <span class='ocrx_word' id='word_1_149' title='bbox 1704 4037 1755 4124; x_wconf 79' lang='lat' dir='ltr'>V.</span> <span class='ocrx_word' id='word_1_150' title='bbox 1783 4036 1870 4122; x_wconf 85' lang='lat' dir='ltr'>tob.</span> <span class='ocrx_word' id='word_1_151' title='bbox 1903 4045 1969 4122; x_wconf 73' lang='grc' dir='ltr'>ιδ.</span> <span class='ocrx_word' id='word_1_152' title='bbox 2007 4045 2094 4146; x_wconf 79' lang='lat'>14?</span> 
     </span>
     <span class='ocr_line' id='line_1_20' title="bbox 699 4177 1770 4306; baseline 0.014 -44"><span class='ocrx_word' id='word_1_153' title='bbox 699 4177 872 4268; x_wconf 88' lang='lat' dir='ltr'>Limosa</span> <span class='ocrx_word' id='word_1_154' title='bbox 900 4188 990 4272; x_wconf 80' lang='lat' dir='ltr'>rufa</span> <span class='ocrx_word' id='word_1_155' title='bbox 1018 4195 1173 4301; x_wconf 88' lang='lat' dir='ltr'>major,</span> <span class='ocrx_word' id='word_1_156' title='bbox 1200 4191 1381 4274; x_wconf 85' lang='lat' dir='ltr'>Brisson.</span> <span class='ocrx_word' id='word_1_157' title='bbox 1409 4217 1495 4274; x_wconf 85' lang='lat' dir='ltr'>orn.</span> <span class='ocrx_word' id='word_1_158' title='bbox 1526 4190 1576 4274; x_wconf 90' lang='lat' dir='ltr'>V.</span> <span class='ocrx_word' id='word_1_159' title='bbox 1605 4223 1644 4306; x_wconf 85' lang='lat' dir='ltr'>p.</span> <span class='ocrx_word' id='word_1_160' title='bbox 1676 4203 1770 4297; x_wconf 78' lang='lat'>284.</span> 
     </span>
     <span class='ocr_line' id='line_1_21' title="bbox 699 4337 2168 4460; baseline 0.01 -40"><span class='ocrx_word' id='word_1_161' title='bbox 699 4337 900 4440; x_wconf 85' lang='lat' dir='ltr'>Godwit,</span> <span class='ocrx_word' id='word_1_162' title='bbox 941 4340 1067 4426; x_wconf 85' lang='lat' dir='ltr'>Penn.</span> <span class='ocrx_word' id='word_1_163' title='bbox 1110 4343 1230 4428; x_wconf 89' lang='lat' dir='ltr'>Zool.</span> <span class='ocrx_word' id='word_1_164' title='bbox 1273 4341 1366 4426; x_wconf 84' lang='lat' dir='ltr'>bn&#39;t.</span> <span class='ocrx_word' id='word_1_165' title='bbox 1397 4375 1439 4458; x_wconf 84' lang='lat' dir='ltr'>p.</span> <span class='ocrx_word' id='word_1_166' title='bbox 1475 4375 1563 4426; x_wconf 85' lang='lat' dir='ltr'>rao.</span> <span class='ocrx_word' id='word_1_167' title='bbox 1591 4373 1654 4460; x_wconf 87' lang='lat' dir='ltr'>sp.</span> <span class='ocrx_word' id='word_1_168' title='bbox 1684 4375 1722 4428; x_wconf 82' lang='lat' dir='ltr'>a.</span> <span class='ocrx_word' id='word_1_169' title='bbox 1752 4341 1838 4430; x_wconf 74' lang='lat' dir='ltr'>tob.</span> <span class='ocrx_word' id='word_1_170' title='bbox 1866 4347 1917 4431; x_wconf 87' lang='grc' dir='ltr'>Β.</span> <span class='ocrx_word' id='word_1_171' title='bbox 1947 4379 1990 4433; x_wconf 79' lang='lat' dir='ltr'>a.</span> <span class='ocrx_word' id='word_1_172' title='bbox 2050 4347 2168 4436; x_wconf 82' lang='lat' dir='ltr'>Zool·</span> 
     </span>
    </p>
   </div>
   <div class='ocr_carea' id='block_1_9' title="bbox 760 4493 2308 4616">
    <p class='ocr_par' dir='ltr' id='par_1_9' title="bbox 760 4493 2308 4616">
     <span class='ocr_line' id='line_1_22' title="bbox 760 4493 2308 4616; baseline -0.032 1"><span class='ocrx_word' id='word_1_173' title='bbox 760 4511 863 4576; x_wconf 56' lang='grc' dir='ltr'>Μ·</span> <span class='ocrx_word' id='word_1_174' title='bbox 892 4493 947 4577; x_wconf 76' lang='grc' dir='ltr'>Π·</span> <span class='ocrx_word' id='word_1_175' title='bbox 977 4525 1018 4608; x_wconf 81' lang='grc' dir='ltr'>Ρ·</span> <span class='ocrx_word' id='word_1_176' title='bbox 1048 4507 1143 4601; x_wconf 82' lang='grc'>466·</span> <span class='ocrx_word' id='word_1_177' title='bbox 1172 4527 1212 4578; x_wconf 76' lang='lat'>²²·</span> <span class='ocrx_word' id='word_1_178' title='bbox 1242 4507 1337 4606; x_wconf 79' lang='lat'><strong>³73·</strong></span> <span class='ocrx_word' id='word_1_179' title='bbox 1392 4497 1580 4580; x_wconf 66' lang='lat' dir='ltr'>hanam.</span> <span class='ocrx_word' id='word_1_180' title='bbox 1611 4527 1677 4582; x_wconf 80' lang='lat' dir='ltr'>av.</span> <span class='ocrx_word' id='word_1_181' title='bbox 1707 4501 1759 4585; x_wconf 85' lang='lat' dir='ltr'>V.</span> <span class='ocrx_word' id='word_1_182' title='bbox 1788 4533 1830 4616; x_wconf 81' lang='lat' dir='ltr'>p.</span> <span class='ocrx_word' id='word_1_183' title='bbox 1866 4516 1955 4606; x_wconf 80' lang='lat'>144·</span> <span class='ocrx_word' id='word_1_184' title='bbox 1987 4533 2032 4586; x_wconf 80' lang='lat' dir='ltr'>n.</span> <span class='ocrx_word' id='word_1_185' title='bbox 2072 4517 2133 4606; x_wconf 71' lang='lat'>24„</span> <span class='ocrx_word' id='word_1_186' title='bbox 2307 4505 2308 4542; x_wconf 75' lang='lat'><em>³</em></span> 
     </span>
    </p>
   </div>
   <div class='ocr_carea' id='block_1_10' title="bbox 700 4639 2106 4768">
    <p class='ocr_par' dir='ltr' id='par_1_10' title="bbox 700 4639 2106 4768">
     <span class='ocr_line' id='line_1_23' title="bbox 700 4639 2106 4768; baseline 0.011 -44"><span class='ocrx_word' id='word_1_187' title='bbox 700 4639 910 4757; x_wconf 81' lang='lat' dir='ltr'>Scolopax</span> <span class='ocrx_word' id='word_1_188' title='bbox 936 4643 1263 4763; x_wconf 84' lang='lat' dir='ltr'>Aegocephala,</span> <span class='ocrx_word' id='word_1_189' title='bbox 1293 4649 1382 4732; x_wconf 80' lang='lat' dir='ltr'>Lin.</span> <span class='ocrx_word' id='word_1_190' title='bbox 1411 4668 1516 4760; x_wconf 83' lang='lat' dir='ltr'>syst.</span> <span class='ocrx_word' id='word_1_191' title='bbox 1544 4649 1640 4734; x_wconf 78' lang='grc' dir='ltr'>ΧΠ.</span> <span class='ocrx_word' id='word_1_192' title='bbox 1669 4653 1704 4734; x_wconf 86' lang='grc' dir='ltr'>Ι.</span> <span class='ocrx_word' id='word_1_193' title='bbox 1733 4685 1774 4768; x_wconf 82' lang='grc' dir='ltr'>ρ.</span> <span class='ocrx_word' id='word_1_194' title='bbox 1805 4667 1898 4758; x_wconf 76' lang='lat'>246.</span> <span class='ocrx_word' id='word_1_195' title='bbox 1927 4683 1995 4768; x_wconf 84' lang='lat' dir='ltr'>sp.</span> <span class='ocrx_word' id='word_1_196' title='bbox 2041 4665 2106 4742; x_wconf 85' lang='grc' dir='ltr'>ιδ.</span> 
     </span>
    </p>
   </div>
   <div class='ocr_carea' id='block_1_11' title="bbox 699 4795 2169 5066">
    <p class='ocr_par' dir='ltr' id='par_1_11' title="bbox 699 4795 2169 5066">
     <span class='ocr_line' id='line_1_24' title="bbox 699 4795 2169 4917; baseline 0.007 -37"><span class='ocrx_word' id='word_1_197' title='bbox 699 4795 868 4880; x_wconf 87' lang='lat' dir='ltr'>Grande</span> <span class='ocrx_word' id='word_1_198' title='bbox 897 4799 1029 4910; x_wconf 87' lang='lat' dir='ltr'>Berge</span> <span class='ocrx_word' id='word_1_199' title='bbox 1055 4825 1217 4899; x_wconf 84' lang='lat' dir='ltr'>rousse,</span> <span class='ocrx_word' id='word_1_200' title='bbox 1243 4801 1462 4886; x_wconf 83' lang='lat' dir='ltr'>D&#39;oubent.</span> <span class='ocrx_word' id='word_1_201' title='bbox 1491 4811 1590 4917; x_wconf 73' lang='lat' dir='ltr'>pict.</span> <span class='ocrx_word' id='word_1_202' title='bbox 1617 4802 1704 4889; x_wconf 85' lang='lat' dir='ltr'>tab.</span> <span class='ocrx_word' id='word_1_203' title='bbox 1734 4817 1829 4914; x_wconf 84' lang='lat'><strong>916.</strong></span> <span class='ocrx_word' id='word_1_204' title='bbox 1884 4807 2060 4916; x_wconf 78' lang='lat' dir='ltr'>Buffon·</span> <span class='ocrx_word' id='word_1_205' title='bbox 2088 4831 2169 4892; x_wconf 81' lang='lat' dir='ltr'>om·</span> 
     </span>
     <span class='ocr_line' id='line_1_25' title="bbox 754 4945 1043 5066; baseline 0.017 -36"><span class='ocrx_word' id='word_1_206' title='bbox 754 4945 848 5030; x_wconf 80' lang='lat' dir='ltr'>VII.</span> <span class='ocrx_word' id='word_1_207' title='bbox 872 4979 919 5066; x_wconf 83' lang='lat' dir='ltr'>p.</span> <span class='ocrx_word' id='word_1_208' title='bbox 948 4961 1043 5035; x_wconf 81' lang='lat'><strong>501.</strong></span> 
     </span>
    </p>
   </div>
   <div class='ocr_carea' id='block_1_12' title="bbox 0 0 2372 6069">
    <p class='ocr_par' dir='ltr' id='par_1_12' title="bbox 0 0 2372 6069">
     <span class='ocr_line' id='line_1_26' title="bbox 0 0 2372 6069; baseline 0 0"><span class='ocrx_word' id='word_1_209' title='bbox 0 0 2372 6069; x_wconf 95' lang='lat' dir='ltr'> </span> 
     </span>
    </p>
   </div>
  </div>
 </body>
</html>
