4770 6042
996 507 1140 568 Ε
1824 511 1904 598 ,51

224 715 328 832 pilia
373 711 601 799 adventans
637 707 802 827 Aprili,
846 731 889 798 et
914 709 1079 799 ibidem
1104 705 1341 799 nidificcnt.
1410 708 1638 798 Hominem
1663 739 1752 800 non
1779 711 1913 799 reior*

199 843 378 970 ,midatss
432 864 636 980 brevique
675 864 847 951 modulo
888 863 1111 953 cantillam
1151 865 1299 952 crebro
1339 859 1574 950 exauditur.
1658 870 1709 952 In
1751 864 1906 950 Sibirin

224 1045 414 1132 quoquc,
465 1017 519 1100 ad
545 1016 734 1101 Alta'r'cos
761 1039 925 1102 montes
957 1039 1001 1099 et
1028 1014 1134 1100 Irtin
1144 1076 1158 1116 ,
1202 1012 1388 1129 parcius,
1440 1045 1644 1131 nusquam
1673 1047 1772 1102 vero
1801 1018 1912 1104 ultra

222 1169 391 1269 Obum,
432 1166 480 1256 in
508 1166 867 1274 orientalioribus,
896 1172 1114 1258 observata
1141 1189 1220 1254 est.
1278 1162 1450 1252 Semina
1476 1165 1623 1254 Punici
1650 1165 1912 1287 aliorumque

224 1317 462 1452 grenninum
489 1342 533 1403 et
560 1321 978 1435 compositiflorarum
1007 1341 1132 1406 amat.

361 1475 536 1558 Descr.
592 1473 840 1585 Magnitudo
867 1473 955 1557 iere
979 1504 1104 1589 supra
1134 1471 1414 1562 Citrineliam.
1482 1473 1675 1560 Rostrum
1697 1501 1910 1588 gryseurn,

226 1621 349 1740 apice
378 1625 517 1721 macc,
558 1623 686 1738 paulo
714 1631 845 1736 majus
871 1653 1000 1738 quam
1027 1622 1073 1708 in
1103 1625 1324 1722 affinibus,·
1378 1656 1495 1744 nares
1523 1623 1708 1740 insignes
1736 1625 1912 1712 fornica·

223 1797 308 1860 tae.
381 1777 420 1860 V
418 1796 532 1862 erton
559 1797 603 1860 et
630 1785 768 1861 ceruix
794 1797 885 1861 tota
911 1775 1081 1862 cinereo
1094 1827 1109 1850 ν
1123 1778 1298 1881 flavent,
1341 1805 1414 1862 seu
1440 1743 1654 1864 nitescunt
1666 1814 1682 1875 ,·*
1708 1785 1816 1892 gulo
1844 1780 1913 1864 fla·

197 1957 297 2026 -va,
353 1925 493 2040 strigis
533 1927 691 2036 duabus
728 1926 855 2012 fuscia
894 1927 1123 2018 amaxilla
1162 1929 1533 2032 descendentibus,
1589 1926 1911 2045 subparallelis3

223 2080 412 2166 Circeius
437 2078 657 2163 oculorum
684 2076 946 2194 plumaceus,
990 2079 1152 2196 pallide
1181 2082 1422 2168 flavescens.
1492 2083 1673 2168 Dorsum
1700 2049 1911 2194 gryseunr‚

223 2227 599 2316 fusco-lituratum
611 2265 627 2326 ς
653 2240 903 2346 uropygium
929 2259 1107 2346 gryceo·
1124 2232 1372 2337 flavescens,
1401 2230 1477 2322 vix
1506 2231 1738 2319 rhachibus
1766 2231 1910 2318 fuscis.
2044 2203 2047 2212 Δ

221 2384 368 2468 Pectus
396 2411 420 2465 a
448 2381 590 2494 jugulo
618 2403 865 2468 canescente
891 2382 1082 2468 obsolete
1110 2381 1414 2496 ferrugineum,
1456 2383 1553 2469 alvo
1581 2382 1737 2470 sensim
1765 2381 1910 2470 diluti-

223 2551 317 2633 ore,
362 2555 411 2616 ut
437 2530 688 2648 quibusdam
730 2542 900 2622 waram
925 2555 973 2617 et
999 2533 1272 2624 subceudalea
1311 2535 1550 2622 flavescant.
1620 2536 1817 2621 Gem'crda
1843 2563 1914 2652 pe·

224 2687 326 2772 dum
353 2683 400 2768 in
425 2683 623 2770 omnibus
647 2687 769 2770 flava.
825 2688 1015 2799 Remiger
1041 2691 1305 2800 rectricesque
1331 2685 1488 2788 fuscae,
1531 2684 1719 2802 margine
1748 2714 1914 2802 gryseo·

224 2836 471 2924 albicantes.
532 2837 737 2924 Tectrices
763 2836 1033 2926 secundariae
1059 2835 1287 2954 nigriores,
1315 2841 1505 2950 margine
1532 2836 1657 2924 latius
1683 2837 1912 2923 coloratae.

223 2991 428 3076 Rectrices
467 2987 665 3116 utrinque
710 3016 745 3074 a:
789 3017 926 3075 cuneo
966 2985 1180 3074 interioris
1220 2985 1372 3073 vexilli
1416 2989 1537 3094 albo,
1593 2988 1754 3072 extima
1783 2988 1915 3074 etiam

224 3140 415 3256 margine
444 3164 620 3227 externo
649 3139 791 3225 medio
821 3137 929 3226 alba.
998 3140 1126 3226 Pedes
1154 3139 1307 3255 grysei.
1377 3144 1646 3230 Foeminae
1671 3139 1915 3226 simillimae

225 3295 431 3402 mnribm,
472 3291 556 3382 nisi
596 3295 711 3410 quod
737 3291 784 3378 in
811 3293 954 3406 jugulo
995 3290 1185 3406 punctis,
1226 3321 1386 3409 perque
1414 3296 1548 3381 latera
1587 3291 1759 3378 lineolis
1786 3291 1914 3377 fuscis

227 3447 414 3533 liturata.
483 3448 648 3532 Pondus
689 3441 983 3532 drachmarum
1012 3457 1051 3528 6.
1076 3465 1124 3536 et
1162 3444 1293 3549 ultra,
1340 3475 1425 3534 non
1453 3450 1507 3533 ad
1532 3481 1574 3559 7.
1642 3449 1836 3532 Menum
1861 3443 1919 3530 ad

228 3629 406 3717 urcpyg.
435 3601 497 3706 4''.
524 3597 683 3685 caudae
712 3570 777 3685 ¹a''‚
807 3597 880 3704 9⁰2
922 3595 1080 3706 alarum
1121 3623 1398 3710 expansamm
1445 3607 1526 3686 10⁰.
1554 3611 1627 3706 4’”.
1667 3594 1919 3714 composita·

225 3781 320 3838 rum
350 3753 413 3840 δ”.
441 3753 516 3857 4''‘.
544 3747 669 3837 rostri
698 3750 769 3834 6“'.
796 3745 997 3832 tibiarum
1011 3755 1082 3852 9'‘'.
1098 3749 1329 3861 eademque
1352 3749 1486 3837 medii
1506 3748 1634 3866 digiti
1647 3781 1743 3838 cum
1762 3775 1916 3862 ungue.

366 3906 409 3988 N
416 3924 480 3990 ot.
522 3909 626 3989 Icon
665 3880 1021 3994 D’auteuouana
1059 3901 1147 3994 tab.
1179 3919 1272 4014 247·
1291 3903 1377 4016 fig·
1413 3937 1447 3988 ι.
1477 3903 1624 3992 avibus
1663 3897 1918 3989 nostratibus

228 4055 347 4146 haud
375 4053 590 4143 convenit.

228 4311 347 4402 215.
401 4303 841 4404 EMBERIZA
884 4305 1321 4428 spodocepbolo.
1361 4305 1493 4396 TAB.
1532 4301 1697 4398 XLIX.
1731 4289 1823 4424 fig·
1863 4323 1912 4399 2.

365 4518 416 4597 E.
444 4508 586 4629 capite
612 4511 812 4626 colloque
839 4507 1041 4616 cinereis,
1072 4516 1194 4599 dorso
1222 4511 1415 4616 lituram,
1443 4535 1614 4628 pectore
1642 4509 1915 4628 pallescente,

226 4664 410 4756 rectrica
437 4661 633 4778 utrinque
661 4662 826 4748 extima
853 4661 980 4748 fascia
1008 4663 1181 4780 obliqua
1211 4666 1317 4752 alba.
1577 4657 1579 4663 ’

417 4815 678 4938 ΙΗοηυΙαῐιο
707 4843 940 4929 congener,
984 4815 1339 4933 spodocephalos,
1382 4815 1706 4935 hypexanthue,
1750 4815 1918 4900 Messor-

460 5081 466 5090 υ
506 4970 635 5056 eciam.
662 4968 766 5078 er
795 4969 897 5054 isid.
928 5001 969 5052 rt.
997 4981 1080 5092 67..
1917 4969 1922 4978 ’
1954 4957 1960 4970 ’

1463 5129 1487 5176 fl
