4696 6054
1005 443 1171 516 ==
1828 459 1916 530 sar

363 661 407 752 N
414 683 479 752 ot.
535 669 742 770 Anserem
770 661 903 750 serum
932 662 1114 768 fuscum,
1143 664 1257 754 eollo
1282 663 1397 754 binis
1426 664 1534 760 olbis
1559 665 1702 754 fasciis
1735 669 1788 756 eb
1818 669 1925 757 ouri·

217 822 303 914 bos
331 819 384 902 ad
413 815 611 912 humeros
641 839 863 922 exornata,
898 822 1125 904 Rossornm
1153 821 1428 938 Bjeloscheiek
1458 822 1743 937 (albicollem)
1773 821 1924 909 distin·

218 969 319 1090 guit
344 975 623 1078 Stellarum
674 970 966 1086 magnitudine
992 975 1154 1056 Ansere
1181 972 1345 1088 vulgari
1374 976 1594 1090 aequalem
1622 1000 1668 1064 et
1693 975 1821 1064 facile
1849 981 1923 1092 (ut

217 1125 312 1241 ait)
357 1124 698 1242 dignoscendam.
768 1131 906 1213 Datur
941 1147 1105 1212 tantum
1139 1125 1186 1218 in
1224 1125 1520 1217 Camtschatca
1548 1132 1778 1219 secundum
1809 1129 1923 1216 sinus

216 1277 521 1367 Penshinensis
564 1279 708 1385 littus,
765 1276 813 1364 in
854 1278 1026 1364 lacubus
1067 1278 1259 1367 Curilico
1298 1302 1343 1365 et
1386 1280 1808 1387 Bolscherezkiensi,
1848 1283 1924 1372 ubi

217 1429 453 1549 quotannis
479 1431 645 1548 prolem
673 1433 868 1538 educent,
897 1463 991 1520 raro
1019 1431 1134 1520 circe
1161 1431 1337 1519 fluvium
1366 1434 1678 1538 Camtschetca,
1703 1436 1751 1525 in
1779 1441 1924 1528 borea-

215 1583 402 1672 lioribus
443 1583 647 1671 visuntur.
716 1591 924 1680 Antumat
963 1589 1218 1676 Stellarus
1258 1584 1339 1672 hos
1376 1617 1540 1676 anseres
1569 1619 1593 1676 e
1621 1593 1928 1708 Jeponensibus

213 1735 373 1824 insulis
409 1739 652 1824 adventare.
721 1741 805 1827 Sed
841 1738 989 1826 nescio
1026 1769 1164 1825 annon
1192 1770 1290 1826 cum
1316 1744 1478 1828 Ansere
1505 1742 1717 1858 cygnoide
1746 1741 1802 1832 sit
1828 1773 1926 1830 con·

215 1892 520 2004 conjungenda
546 1889 721 2008 species,
752 1890 1001 2009 quamcirca
1027 1891 1240 1978 Ba'icalem
1269 1891 1500 2004 vulgarem,
1529 1915 1695 1984 tantum
1723 1894 1925 1990 brevibus
1952 1881 1960 1904 ⁸

223 2039 371 2128 verbis
398 2040 563 2138 indicet
589 2042 706 2130 idem
734 2067 780 2130 et
807 2076 832 2130 o
860 2043 1069 2134 Chinensi
1096 2042 1332 2132 domestico
1361 2042 1600 2164 distinguiu

637 2387 641 2402 ι
679 2305 794 2416 319.
867 2294 1138 2386 susan
1213 2279 1513 2412 graneas·-

366 2507 423 2589 A.
459 2527 594 2592 rostro
629 2503 750 2620 nigro
786 2501 881 2592 basi
917 2503 1060 2610 fulvo,
1107 2501 1287 2621 pedibus
1313 2503 1548 2614 coccineis,
1587 2533 1765 2624 corpore
1793 2508 1927 2618 flisco,

212 2657 366 2746 mbtus
394 2657 553 2750 albido.
1134 2681 1138 2690 ’

446 2823 586 2900 Anser
613 2815 724 2902 ferus
750 2812 978 2918 maximus,
1008 2817 1182 2903 Gmelin.
1211 2813 1297 2901 obs.
1327 2815 1423 2902 MS.
1482 2883 1484 2894 .

444 2973 584 3055 Anser
609 2967 718 3054 ferus
745 2968 884 3054 friscus
911 2965 1140 3072 maximos,
1168 2970 1326 3056 Steller.
1358 2967 1447 3062 obs,
1474 2967 1564 3054 MS.

446 3125 562 3208 Anas
589 3120 778 3238 grandis,
808 3123 981 3208 Gmelin.
1010 3140 1115 3232 syst.
1143 3121 1222 3205 m.
1250 3153 1293 3237 p.
1321 3132 1418 3226 ⁵⁰4·
1446 3153 1487 3206 n.
1519 3133 1585 3210 53.
1628 3122 1822 3214 lotham.
1853 3147 1921 3208 ov·

504 3279 577 3362 1¹1.
605 3310 647 3392 p.
675 3289 771 3380 446.
828 3275 950 3362 Peon.
979 3275 1100 3362 Zool.
1130 3293 1233 3362 oret.
1260 3275 1318 3357 Π.
1347 3306 1389 3391 p.
1417 3287 1511 3386 ⁵7⁰·

339 3427 480 3518 Rossis
520 3426 567 3515 in
594 3425 752 3515 Sibiria
794 3429 1035 3516 Gummenils
1077 3427 1288 3533 bolschoi,
1330 3429 1607 3542 Dolgosheieir
1634 3424 1694 3538 (i.
1720 3457 1761 3516 e.
1787 3421 1929 3544 longi·

222 3623 231 3630 ·
389 3583 554 3700 collis).

340 3735 676 3828 Camtschadalis
703 3737 1032 3850 Hyeschuhysch
1059 3736 1130 3822 vel
1157 3735 1288 3848 Hyet.

363 3890 479 3978 Mihi
506 3917 720 4005 nunquam
747 3887 884 3974 visam
911 3887 1101 4005 speciem
1128 3918 1153 3975 e
1181 3891 1264 3974 fide
1292 3907 1337 3973 et
1364 3885 1603 4005 posthumis
1643 3881 1925 3973 ednomtioni·

209 4055 303 4136 bus
331 4049 549 4132 Gmelr'ni
590 4052 760 4132 senioris
786 4064 831 4128 et
857 4043 963 4128 Stel
970 4048 1067 4130 leri
1105 4070 1310 4160 propono.
1380 4045 1566 4126 Tantum
1593 4040 1647 4123 ad
1676 4041 1837 4126 Lenem
1862 4058 1920 4139 et,

221 4229 252 4287 e
283 4196 527 4318 posterioris
555 4194 873 4300 observatione,
929 4225 1006 4312 per
1033 4191 1374 4283 Cemtschatcam
1404 4215 1449 4278 et
1476 4189 1589 4278 circa
1618 4191 1795 4305 Anadyr
1821 4192 1922 4275 fluv.

219 4349 453 4471 quotannis
480 4355 682 4440 adventat
709 4371 753 4434 et
779 4346 892 4466 proli
919 4350 1163 4436 educandae
1191 4375 1268 4464 per
1295 4367 1498 4434 aestatem
1524 4317 1660 4434 vanai.
1720 4347 1796 4430 Est
1815 4337 1924 4428 haec

218 4503 468 4596 cautissima
495 4503 702 4590 omnium.

367 4661 542 4744 Descr.
597 4658 811 4763 „Pondere
838 4679 881 4742 et
909 4654 1023 4742 mole
1050 4654 1145 4774 pius
1174 4683 1302 4774 quam
1329 4652 1459 4770 dupin
1485 4672 1551 4740 est
1576 4646 1754 4752 Anseris
1780 4647 1923 4764 vulga·

218 4809 331 4919 „rim
383 4816 427 4924 (a
456 4840 540 4926 quo
569 4807 930 4923 distinctissimus)
969 4806 1389 4936 librorumque
1426 4831 1553 4920 saepe
1594 4831 1789 4920 nequens.
1844 4801 1926 4886 Ro-

217 4985 384 5070 „amun
410 4987 589 5080 quatuor
615 4965 703 5051 iere
729 4960 876 5048 uncias
902 4961 1100 5076 longum,
1140 4959 1333 5078 nigrum,
1363 4956 1599 5078 'latitudine
1624 4953 1824 5074 pollicis,
1853 4979 1927 5038 uo·
