4734 6070
989 427 1143 490 ²²·-
1814 440 1902 526 tar

348 631 523 719 Dascr.
551 627 800 744 Magnitudo
829 627 959 716 Corvi
996 629 1206 748 frugilegi.
1265 631 1433 772 Statura
1460 627 1671 738 humilior
1698 668 1910 758 congene-

204 787 324 876 ribus
355 782 545 916 reliquis.
601 787 794 870 Rostrum
822 781 1017 896 nigrum,
1046 785 1367 872 subcoracinum
1379 849 1394 888 ,
1421 789 1618 896 declire,
1651 771 1912 910 sulitetrago⁴

208 973 323 1032 num.
393 943 504 1025 Lora
537 967 634 1024 cum
670 935 885 1053 palpebris
914 937 1231 1042 coerulescunt;
1262 921 1536 1055 'quibusdam
1564 944 1702 1030 lorum
1734 948 1919 1050 irtacum,

210 1095 415 1216 palpebra
441 1087 619 1184 inferior
645 1089 734 1174 sola
763 1117 935 1202 cyanea.
1009 1091 1139 1178 Irides
1165 1091 1371 1180 corallino
1385 1146 1399 1160 ·
1413 1067 1588 1202 rubrae,
1633 1097 1727 1184 aliis
1757 1097 1908 1213 (junio-

207 1247 383 1356 ribusl)
437 1242 863 1330 lusco-lutescentes.
936 1245 1087 1330 Verten
1114 1273 1243 1360 usque
1271 1242 1317 1330 in
1345 1246 1556 1334 cervicem
1584 1247 1729 1362 niger,
1778 1253 1908 1336 ductu

206 1393 473 1518 superciliosi
515 1398 626 1482 albo.
695 1396 805 1482 Gula
832 1397 919 1482 late
948 1398 1057 1484 alba.
1128 1399 1281 1488 Pinnae
1308 1432 1333 1484 a
1362 1397 1504 1486 nucha
1541 1404 1829 1518 dependentes
1857 1400 1908 1488 li·

205 1577 378 1657 neares,
425 1571 591 1655 rectae,
641 1546 877 1654 cannatae,
920 1551 1216 1675 dodrantales‚
1258 1574 1429 1658 ternae,
1469 1555 1545 1638 sed
1572 1551 1633 1641 ita
1663 1553 1907 1642 adinvicem

205 1715 374 1825 Junctoe
399 1725 446 1790 et
472 1698 592 1818 quasi
619 1704 906 1808 coadunatae,
954 1725 1002 1788 ut
1029 1701 1199 1790 unicam
1228 1703 1512 1810 mentiantur,
1569 1701 1838 1824 humanaque
1864 1737 1907 1800 o·

204 1892 310 1981 pera
337 1857 529 1946 divulsae
551 1858 695 1944 denuo
724 1855 923 1970 conjungi
938 1855 1070 1942 ,nullo
1098 1863 1227 1946 modo
1253 1881 1439 1977 possunt.
1497 1863 1649 1948 Cornix
1674 1862 1908 1975 subjubata,

205 2022 536 2130 taropygiumque
564 2007 735 2096 cinereo
749 2059 764 2074 ·
778 2010 936 2096 albent
1006 2012 1188 2098 Dorsum
1215 2010 1328 2100 inter
1356 2014 1442 2100 alas
1476 2010 1711 2102 virescente
1726 2065 1741 2080 ·
1755 2037 1906 2102 annun.

205 2170 316 2260 Alae
343 2165 557 2280 caudaque
585 2159 892 2250 coerulescenti
919 2159 1101 2248 cinerea.
1157 2165 1309 2252 Subtus
1335 2165 1445 2252 alba.
1501 2166 1631 2259 Pedes
1664 2166 1780 2254 cerei
1792 2204 1808 2266 ,·
1835 2199 1907 2255 un-

203 2328 302 2439 guis
328 2314 493 2430 medius
521 2318 576 2404 ad
603 2337 621 2414 ξ
647 2311 927 2430 longitudinis
956 2313 1178 2420 dentatus,
1221 2345 1367 2402 omnes
1394 2317 1527 2433 magis
1555 2319 1741 2422 arcuati.
1777 2347 1905 2434 quam

205 2467 528 2589 congeneribus.
620 2467 786 2556 Pondus
835 2465 962 2582 vulgo
1013 2463 1148 2552 librae
1190 2497 1286 2554 cum
1325 2466 1459 2555 tribus
1500 2471 1659 2588 quartis
1701 2469 1904 2588 partibus.

205 2629 401 2712 Mensura
429 2624 482 2709 ad
510 2621 762 2740 uropygium
798 2623 843 2704 r'.
873 2619 934 2730 7⁰.
966 2653 1001 2704 o.
1031 2619 1086 2704 ad
1114 2641 1301 2706 eternum
1330 2623 1378 2706 r'.
1409 2655 1446 2708 o.
1477 2626 1550 2730 9‘''.
1578 2621 1702 2712 rostri
1717 2623 1771 2718 ad
1799 2623 1903 2708 fraa-

205 2811 309 2866 num
338 2777 399 2864 δ”.
428 2776 500 2882 4”’.
529 2777 685 2862 caudae
715 2773 775 2882 4''.
805 2775 875 2859 affl.
919 2773 1077 2858 alarum
1112 2799 1390 2889 expansarum
1420 2777 1471 2862 δ”.
1501 2777 1562 2861 δ”.
1592 2811 1631 2864 ο.
1660 2775 1786 2864 ulnae
1820 2773 1904 2862 rr''.

207 2934 279 3024 5“'.
316 2933 525 3018 femorum
557 2927 687 3045 partie
726 2927 862 3014 nudae
904 2926 961 3012 1''.
997 2925 1199 3014 tibiarum
1239 2927 1300 3014 ᾤ’.
1345 2930 1440 3016 ιο”’.
1468 2927 1597 3042 digiti
1625 2923 1761 3016 medii
1787 2933 1906 3044 (cunt

205 3117 307 3203 ung.
337 3087 430 3198 6⁰2)
460 3086 521 3174 δ”.
557 3087 621 3168 1“'.
650 3079 807 3198 postici
835 3087 949 3194 (cum
976 3113 1018 3166 u.
1048 3081 1157 3195 7l“'.)
1193 3077 1248 3168 1'‘.
1288 3084 1382 3168 arm.
1440 3076 1584 3166 Sinin
1611 3083 1780 3168 adultis.

263 3240 310 3334 β.
353 3241 463 3328 Pulli
490 3233 631 3353 primo
671 3263 807 3338 anno,
862 3255 910 3318 ut
947 3256 1062 3320 recte
1110 3229 1488 3358 Willuglrbejus
1530 3229 1781 3349 descripsit,
1822 3226 1905 3326 toti
1957 3331 1960 3340 f

207 3383 501 3496 luscescentes,
532 3391 676 3476 subtus
704 3384 1014 3472 obsoletissimo
1041 3387 1197 3490 colore,
1232 3385 1389 3503 plumis
1417 3386 1614 3474 omuibus
1645 3406 1783 3472 tractu
1810 3379 1905 3476 rha-

207 3545 340 3636 cheos
375 3545 610 3630 lutescente
645 3561 692 3626 et
729 3561 862 3655 gutta·
884 3536 1016 3654 apicis
1044 3537 1285 3624 intentioris
1314 3538 1483 3626 coloris.
1513 3587 1517 3592 ·
1566 3536 1730 3674 pastae
1760 3536 1902 3624 adhuc

205 3699 435 3816 vestigium
475 3681 652 3782 nullti‘m.
729 3698 817 3777 Hos
855 3691 1011 3806 Belgae
1050 3691 1177 3804 vulgo
1213 3719 1291 3807 pro
1328 3690 1528 3780 distincta
1562 3690 1704 3807 specie
1741 3685 1903 3774 habent

209 3855 350 3966 (bonta
376 3851 682 3957 Polderbruolr),
716 3846 983 3960 eandemque
1010 3843 1256 3958 synonymis
1283 3841 1458 3958 reliquis
1486 3841 1691 3957 adlegatis
1719 3839 1903 3928 indicari

208 4004 286 4092 rix
313 4029 376 4092 est
403 4003 593 4092 dubium.
650 4005 744 4084 Nec
772 3995 863 4082 sine
893 3992 1131 4111 suspicione
1160 3993 1323 4111 species
1350 3996 1491 4114 plures
1516 3993 1624 4080 aliae
1652 3994 1902 4096 Ardeatum,

209 4187 313 4276 quas
341 4180 528 4244 auctores
557 4156 790 4240 secundum
819 4170 1001 4235 aetatem
1028 4144 1332 4262 multiplicasse
1359 4125 1571 4232 ridentur.

348 4313 392 4396 N
398 4331 464 4398 ot.
493 4313 580 4398 Cel.
609 4311 799 4420 Buffon
836 4300 883 4386 in
912 4295 1196 4414 descriptione
1224 4297 1519 4413 Nyctiooracis
1546 4325 1770 4418 perparum
1798 4320 1903 4381 asse·

206 4463 294 4572 rit,
335 4467 518 4553 Ardeam
546 4493 696 4549 nonam
722 4459 987 4546 Brissonii
1026 4479 1116 4538 esse
1147 4431 1375 4538 foeminam
1410 4448 1706 4567 Nycticoracis
1734 4449 1904 4540 adultae

206 4617 396 4706 moribus
423 4615 522 4704 satis
550 4617 734 4704 eradunt
763 4609 948 4714 similes,
979 4607 1054 4694 sed
1081 4604 1224 4690 Ardea
1251 4633 1364 4692 nona
1389 4605 1517 4694 Briss.
1546 4625 1610 4692 est
1635 4601 1901 4720 Nycticorax

164 4859 177 4871 ,
206 4771 475 4880 immaturus,
503 4767 578 4886 qui
606 4795 736 4886 usque
766 4757 1086 4879 adproximant
1113 4787 1188 4848 rer
1215 4757 1380 4874 plumas
1407 4778 1638 4846 mutaturus
1673 4775 1753 4844 est.
1868 4807 1872 4820 ·
