4770 6042
1015 422 1160 478 ,ετ-ι
1870 425 1922 510 31

378 627 426 706 In
457 619 629 722 Rossiae
658 646 702 706 et
739 619 917 708 Sibiriae
959 621 1113 739 apricis
1154 621 1311 738 ubique
1352 625 1569 741 frequens,
1627 624 1786 744 hyeme
1815 627 1927 715 cirea
1992 747 1996 750 .

238 803 367 892 pagos
396 796 440 859 et
468 775 658 861 habitata
686 779 780 862 loca
807 773 1009 890 gregalis,
1038 755 1083 861 P.
1113 777 1347 864 domestico
1376 750 1642 881 intermixta3
1672 778 1718 864 in
1747 752 1927 870 orienta-

236 927 415 1014 lioribus
457 927 637 1014 Sibiriae
665 929 864 1032 desertis,
919 929 1105 1014 maxime
1135 933 1188 1012 ad
1227 935 1386 1019 Lenem
1415 955 1459 1016 et
1486 929 1596 1014 ultra
1637 931 1851 1020 Baicalem
1880 943 1926 1022 Ρ.
2049 951 2056 964 ’

237 1077 472 1166 domestico
500 1081 772 1196 frequentior.
828 1089 889 1167 At
916 1079 963 1165 in
993 1080 1286 1190 Camtschatca
1313 1083 1475 1199 pariter-
1501 1087 1633 1170 deest.

373 1235 485 1320 Not.
531 1271 564 1319 1.
621 1233 785 1352 Accepi
830 1235 952 1346 hujus
992 1244 1250 1320 varietatem
1271 1257 1406 1320 totam
1426 1241 1456 1320 'e
1485 1238 1729 1322 flavescenti
1772 1242 1927 1344 albam,

231 1387 422 1501 pondere
450 1385 742 1474 drachmarum
770 1355 828 1472 X.
855 1391 908 1472 ad
935 1385 1164 1487 Jeniseam,
1200 1386 1245 1470 in
1275 1389 1446 1501 regione
1474 1375 1762 1476 Abacanensis
1791 1394 1927 1480 muni·

234 1537 369 1620 menti
399 1539 580 1624 occisam
618 1541 847 1628 Decembri
880 1575 995 1652 ¹77¹·
1026 1541 1270 1654 Eodemque
1300 1571 1442 1626 mense
1469 1541 1582 1632 circa
1617 1545 1926 1658 Crasnojarium

235 1689 402 1774 obtinui
431 1697 640 1776 Passerem
670 1693 784 1780 hunc
812 1695 899 1783 fere
926 1715 1066 1780 totum
1092 1692 1281 1807 nigrum,
1321 1693 1549 1814 superioris¹
1573 1695 1773 1780 maxillae
1801 1699 1923 1815 apice

235 1864 359 1928 aucto
388 1865 432 1928 et
460 1845 623 1932 adunco
651 1847 918 1961 singularem.
1155 1859 1158 1866 '
1201 1835 1204 1842 ¹

371 1999 486 2084 Not.
520 2031 558 2082 a.
616 1999 767 2116 Capite
808 1999 1058 2086 Montanina
1100 1999 1285 2088 maxime
1327 2000 1470 2087 differt
1510 2033 1534 2086 a
1575 2006 1621 2087 P.
1658 2002 1909 2093 domestico.

233 2150 436 2256 Eroenum
454 2163 509 2234 'et
536 2149 738 2237 vibrissae
767 2154 930 2240 narium
958 2155 1119 2269 nigrae.
1186 2158 1336 2239 Vertere
1366 2157 1502 2256 rufus3
1556 2163 1697 2243 areola
1727 2157 1823 2240 alba
1849 2187 1923 2272 po·

231 2263 293 2410 ne
317 2305 464 2390 oculos
492 2304 622 2406 nulla.
678 2313 810 2394 Deest
837 2336 1004 2424 quoque
1032 2315 1143 2396 linea
1169 2307 1256 2391 lata
1283 2309 1375 2390 rufa
1404 2336 1525 2421 supra
1551 2310 1711 2396 oculos.
1788 2311 1924 2394 Genae
2038 2342 2041 2348 ·

232 2457 287 2539 ad
316 2451 497 2540 nucham
525 2457 743 2576 albicant.
779 2464 956 2551 Aurium
983 2459 1147 2546 macula
1174 2459 1306 2574 nigra,
1344 2459 1514 2544 albente
1542 2457 1712 2546 halone.
1768 2459 1925 2544 Tibiae

230 2607 366 2722 magis
394 2610 617 2696 lucescunt.
700 2615 895 2701 Foemina
922 2615 996 2704 vix
1024 2611 1263 2716 dissimilis,
1321 2608 1454 2724 magis
1480 2610 1667 2699 decolor.
1738 2615 1922 2701 Seniores

231 2774 380 2846 ventre
408 2761 541 2880 magis
567 2762 851 2873 cinerescunt,
881 2789 926 2852 et
952 2767 1112 2853 vertice
1141 2765 1429 2852 incanescunt.

585 3165 777 3296 xxtx.
842 3123 1637 3276 anearrznu'

940 3453 1209 3476 m

372 3679 422 3764 In
449 3671 569 3764 nullo
606 3705 761 3792 genere
800 3677 1040 3768 volatilium
1079 3675 1220 3795 plures
1256 3672 1418 3795 species
1447 3672 1637 3795 proprias
1665 3696 1708 3764 et
1735 3678 1920 3798 peculia·

229 3864 298 3920 res
325 3829 407 3918 sibi
436 3831 625 3918 vindicat
654 3801 830 3940 Sibiria,
888 3865 1015 3948 quam
1057 3831 1399 3934 Emberizarum3
1455 3854 1500 3917 et
1526 3829 1717 3945 quamvis
1745 3831 1920 3947 singulis

229 3984 490 4102 exquisitum
527 3986 730 4103 pabulum
771 3987 1053 4074 determinare
1093 4016 1205 4070 nunc
1233 3983 1474 4086 nonlicet,
1526 3981 1602 4068 vix
1628 4007 1771 4072 tamen
1799 3983 1919 4069 dubi·

230 4169 305 4223 um
333 4159 397 4223 est
423 4137 700 4254 peculiarium
727 4117 985 4257 plantarum,
1028 4138 1214 4225 maxime
1233 4136 1508 4264 alpensium,
1538 4135 1698 4222 semina
1728 4137 1802 4222 has
1832 4133 1919 4219 avi·

230 4292 346 4378 culas
375 4289 565 4394 allicere,
619 4293 812 4408 intraque
853 4291 1034 4378 Sibiriae
1067 4289 1316 4408 praesertim
1344 4286 1561 4374 orientalis
1589 4286 1792 4374 terminos
1819 4285 1917 4370 reti·

228 4473 353 4549 nere,
410 4446 523 4529 unde
561 4442 718 4562 hyeme
747 4446 821 4531 vix
847 4443 931 4530 nisi
958 4444 1133 4561 penuria
1159 4441 1305 4561 pabuli
1333 4464 1503 4529 coactae
1531 4439 1578 4525 in
1601 4437 1915 4556 temperatiora,

222 4595 331 4684 nive
359 4600 569 4688 denudata
596 4595 690 4688 loca
718 4598 976 4714 demigrant,
1001 4597 1247 4716 primaeque
1275 4592 1512 4704 vernalium
1538 4593 1730 4680 redeunt.
