4696 6054
961 485 1111 536 Ε
1793 491 1881 574 239

190 689 313 780 Betis
340 687 516 774 alarum
539 685 745 776 candidat
783 693 958 804 remiges
992 683 1218 803 primariae
1256 687 1421 792 fuscae,
1462 691 1728 780 secundariae
1758 714 1879 778 extus

190 844 602 958 chalybeato-atrae
632 839 752 958 apice
782 839 1194 953 albo-marginatae,
1225 851 1434 960 speculum
1464 845 1554 928 alae
1583 845 1798 940 efficiunt;
1828 855 1890 931 in..

191 1009 316 1086 timae
344 1018 522 1111 quatuor
551 997 746 1080 deorsum
772 995 974 1096 falcatae,
1005 992 1392 1107 longitudinaliter,
1431 994 1657 1084 dimidiato
1688 1001 1809 1086 albae
1839 1023 1884 1088 et

192 1148 495 1266 chalybeatae,
513 1170 572 1232 ·ut
600 1170 643 1232 et
673 1153 767 1233 alne
793 1157 955 1263 spuriae
983 1175 1148 1262 pennae
1178 1177 1336 1233 ornnes.
1409 1151 1558 1258 Cende
1587 1151 1884 1255 cuneiformis3

192 1315 378 1392 rectrices
411 1320 474 1406 14.
501 1301 658 1414 nigrae,
674 1299 851 1420 ,extima
877 1301 1075 1416 utrinque
1104 1300 1224 1415 apice
1253 1301 1397 1387 albido
1425 1327 1582 1388 notata.
1638 1306 1767 1394 Pedes
1792 1335 1885 1394 coe·

189 1455 428 1542 rulescente
455 1453 643 1558 cinerei,
672 1457 914 1539 membrana
941 1455 1080 1557 tusca,
1109 1452 1246 1567 digito
1275 1453 1440 1570 postico
1470 1457 1597 1543 alato.

329 1611 371 1694 V
372 1617 671 1711 cristatam,
701 1631 748 1692 ut
776 1632 880 1724 puto
908 1605 1140 1720 juniorem,
1174 1607 1334 1721 accepi,
1362 1607 1408 1692 in
1436 1640 1517 1724 qua
1547 1611 1703 1698 albedo
1732 1613 1885 1731 capitis
1936 1663 1937 1666 κ

188 1762 422 1852 lateraliter
448 1759 616 1880 punctis
649 1735 1008 1846 cinerescentibus
1037 1757 1194 1844 crebris
1223 1760 1448 1874 variegata.
1519 1767 1691 1869 Aliam,
1722 1765 1791 1851 cui
1818 1799 1886 1854 ca·

191 1941 271 2034 put
298 1939 343 2001 et
370 1915 529 2001 collum
554 1934 692 1999 totum
721 1916 1108 2030 grymo-fuscoque
1135 1913 1410 2017 nebulosum,
1456 1915 1616 2003 nertice
1652 1918 1742 2004 solo
1772 1921 1885 2010 albo·

192 2067 408 2184 variegato
420 2128 435 2167 ,
464 2066 603 2152 lituris
629 2065 836 2152 viridibus
865 2063 992 2151 nullis
1020 2063 1158 2152 adhuc
1185 2065 1439 2180 conspicuis.
1467 2117 1522 2134 -
1559 2073 1598 2154 F
1603 2082 1805 2159 camino
1833 2071 1886 2158 si·

188 2219 374 2310 millima
401 2213 611 2305 foeminae
640 2226 696 2305 A.
726 2217 934 2307 Cutberti.
1002 2221 1164 2334 Corpus
1190 2251 1316 2332 supra
1343 2241 1510 2326 totum,
1554 2255 1652 2310 cum
1693 2225 1806 2312 collo
1840 2247 1886 2312 et

191 2373 334 2493 capite
362 2372 548 2477 tuscum,
591 2373 749 2491 plumis
786 2371 981 2460 omnibus
1019 2370 1207 2486 margine
1247 2371 1434 2488 gryseis;
1474 2376 1618 2464 subtus
1644 2375 1883 2494 nigricans,

190 2525 433 2642 ferrugineo
460 2553 736 2639 squamatum.
819 2531 996 2614 Alarum
1029 2525 1141 2614 basis
1178 2527 1317 2631 fusca,
1360 2537 1571 2644 speculum
1610 2527 1884 2646 chalybeato·

187 2704 358 2781 anum,
386 2679 526 2766 antiae
554 2705 598 2768 et
624 2679 786 2800 po'stice
815 2679 1260 2794 albo-marginatum,
1300 2702 1343 2764 et
1372 2682 1572 2796 'quidem
1599 2681 1740 2770 antica
1773 2715 1797 2768 a
1824 2705 1884 2774 te·

187 2833 391 2922 ctricibus
422 2832 541 2920 albis.
610 2838 784 2922 lntimce
824 2845 998 2950 remiges
1029 2831 1166 2918 minus
1205 2832 1384 2918 falcatae
1427 2865 1554 2949 quam
1593 2833 1642 2921 in
1670 2838 1881 2944 masculo,

189 2985 355 3104 speculi
383 2987 553 3088 colore,
594 2987 960 3102 longitudinaliter
1001 2987 1098 3072 albo
1113 3037 1126 3051 ·
1139 2986 1350 3072 lituratae.
1416 2991 1686 3074 Mensuraca
1719 3019 1883 3076 summo

188 3163 325 3226 rostro
352 3142 405 3225 ad
432 3141 684 3256 uropygiurn
734 3153 778 3229 ι’.
811 3154 871 3227 a'‘.
901 3150 975 3254 7'''.
1004 3137 1129 3225 rostri
1177 3147 1231 3223 1''.
1261 3145 1331 3224 6¹⁰.
1376 3142 1429 3225 ad
1471 3141 1653 3226 frontem
1701 3139 1755 3226 ι’.
1784 3142 1883 3251 7t'“.

188 3294 317 3378 ulnae
346 3294 507 3378 alarum
534 3305 594 3381 δ’.
624 3299 781 3382 caudae
812 3299 870 3384 δ’.
897 3295 965 3400 4”’.
993 3291 1127 3378 tibiae
1160 3291 1215 3375 1''.
1246 3291 1314 3380 6‘''.
1343 3289 1471 3413 digiti
1498 3291 1631 3382 antici
1659 3297 1776 3406 (cum
1785 3323 1884 3410 ung.

189 3444 277 3558 δ”.)
308 3450 364 3531 a''.
394 3446 547 3563 postici
578 3456 692 3562 (cum
722 3479 821 3566 ung.
852 3452 942 3564 2⁰¹.)
978 3447 1049 3532 Bm.

327 3601 371 3684 N
378 3620 442 3687 ot.
500 3608 550 3686 In
577 3603 808 3720 spicilegiis
833 3604 1073 3718 Zoologicis
1100 3601 1271 3686 absente
1299 3629 1368 3688 me
1396 3599 1636 3719 impressis,
1663 3635 1742 3722 pro
1775 3609 1886 3694 Anc-

190 3775 232 3843 te
260 3755 420 3841 Stellati
444 3783 584 3842 errore
613 3754 769 3842 inserta
797 3756 876 3842 fuit
905 3763 1008 3844 Icon
1036 3751 1175 3866 Mergi
1206 3753 1367 3841 albelli.
1435 3759 1561 3842 Unde
1602 3755 1651 3842 in
1688 3759 1885 3848 versione

189 3905 436 4023 germanica
474 3899 620 4024 postea
662 3908 1004 4028 Descriptionern
1044 3927 1088 3991 et
1128 3911 1302 3991 Iconem
1344 3907 1496 3993 Anatis
1534 3912 1696 4015 rusinae
1733 3913 1886 4026 posuit

191 4061 312 4174 quod
338 4055 413 4148 hic
439 4084 531 4147 erat
556 4065 815 4148 monendum
827 4123 842 4164 ,
868 4092 923 4149 ne
950 4079 1250 4179 propagaretur
1276 4087 1391 4144 error
1419 4059 1679 4148 commissus.

657 4323 772 4444 331.
847 4311 1066 4406 ANAS
1143 4307 1422 4402 Tadornn.

333 4529 389 4611 Α.
429 4549 564 4642 rostro
598 4522 692 4612 basi
726 4523 856 4640 gibbo
889 4551 1154 4644 compresso,
1181 4550 1357 4643 corpore
1393 4519 1516 4624 albo,
1556 4527 1797 4646 ferrugineo
1824 4527 1890 4616 ni·

191 4703 354 4796 groque
380 4680 515 4766 vario.

413 4834 611 4920 Tadorna
649 4863 722 4920 seu
748 4831 985 4946 Vulpanset
1011 4835 1272 4934 Auctorum,
1314 4827 1455 4914 Albin.
1492 4860 1556 4916 au.
1595 4835 1672 4921 ΙΙΙ.
1702 4833 1789 4920 tab.
1817 4853 1886 4942 94.

467 4985 631 5074 Mersit.
670 4986 838 5074 Donub.
883 4987 933 5070 V.
976 4985 1061 5074 tob.
1119 4997 1186 5074 ει.
1233 4987 1397 5094 (cornu
1450 5005 1597 5072 contra
1643 4985 1883 5104 naturam)
