4770 6042
456 465 514 556 ¹4
733 415 736 424 ’
1217 447 1441 516 Ε.

671 664 843 758 Chloris
884 685 1124 764 anctorum,
1172 655 1392 774 Wzttughb.
1435 685 1520 746 orn.
1556 687 1598 776 p.
1645 689 1731 766 ¹29·
1775 657 1867 776 Raj.
1907 687 1970 744 an.
2003 691 2041 776 p.
2071 663 2139 745 Bi.

722 837 830 928 na
875 821 1013 906 Albin.
1042 847 1108 902 ao.
1144 816 1176 896 Ι.
1215 811 1299 898 tab.
1329 823 1395 900 68.
1435 811 1588 897 Frisclt
1626 813 1750 902 ao.l,
1791 828 1887 898 sect.
1924 844 1956 894 1.
1987 809 2070 896 tab.
2101 841 2140 894 a.

719 973 796 1090 fig.
828 985 866 1060 3.
887 987 926 1076 4.
960 969 1139 1054 Brisson.
1167 995 1253 1052 orn.
1280 965 1355 1046 ΠΙ.
1385 995 1424 1078 p.
1461 995 1547 1070 190,
1576 992 1637 1078 sp.
1668 976 1733 1067 54.
1763 959 1891 1076 (inter
1919 967 2141 1074 Passeres).

724 1127 842 1213 Zoni.
872 1123 1018 1209 britan.
1049 1151 1090 1236 p,
1127 1151 1215 1230 ¹⁰7·
1241 1147 1303 1232 tp.
1334 1129 1373 1204 5.
1402 1115 1486 1202 tab.
1521 1115 1573 1202 U.
1592 1113 1677 1229 fig.
1709 1127 1748 1202 5.

670 1275 805 1364 Ionia
832 1271 1032 1364 Chloris.
1064 1273 1155 1355 Lin.
1184 1288 1279 1382 syst
1315 1269 1409 1350 XII.
1438 1270 1470 1350 l.
1500 1299 1540 1384 p.
1571 1281 1663 1371 3⁰4·
1691 1297 1752 1382 sp.
1785 1297 1851 1380 ap.

670 1435 731 1514 Le
759 1427 931 1514 Vertie'r
941 1486 957 1525 ,
986 1421 1205 1508 D’anbcnt.
1238 1429 1333 1534 pict.
1364 1421 1448 1508 tab.
1478 1433 1570 1532 267.
1588 1421 1662 1534 fig
1701 1453 1737 1504 a.

566 1565 572 1577 ¹
673 1585 814 1668 Green
843 1577 1058 1664 Grosbealr
1091 1577 1282 1661 Larisam.
1310 1577 1379 1660 IV.
1409 1605 1448 1692 p.
1485 1585 1570 1678 134.
1601 1603 1638 1658 n.
1668 1583 1732 1660 36.

559 1729 737 1822 llossico
764 1733 818 1818 ad
847 1729 1021 1817 Camam
1051 1727 1289 1844 appellatur
1327 1727 1609 1820 racanati,
1661 1723 1708 1812 in
1737 1721 2072 1812 occidentalibus
2096 1751 2141 1811 a.

613 1885 721 1972 riam
746 1884 1013 1970 Dabonoslta.

588 2033 826 2126 observavi
851 2033 991 2151 primo
1018 2061 1118 2118 vere
1145 2029 1191 2116 in
1217 2028 1349 2148 sylvis
1377 2027 1558 2118 aceroais
1586 2032 1640 2117 ad
1668 2031 1843 2120 Camam
1856 2089 1871 2130 ,
1911 2028 2143 2146 Fringillae

451 2189 726 2282 Cannabinae
762 2185 958 2304 gregibus
995 2181 1263 2280 immixtam,
1315 2185 1390 2270 ubi
1425 2185 1556 2272 etiam
1591 2205 1736 2269 cantus
1765 2179 1898 2298 gratia
1925 2181 1970 2268 in
1999 2181 2143 2270 caveis

454 2341 606 2440 alitum
659 2339 760 2428 dein
789 2335 1029 2454 Septembri
1055 2335 1227 2454 copiose
1254 2333 1302 2420 in
1330 2335 1602 2439 australibus,
1645 2333 1757 2424 inter
1783 2333 1964 2449 Volgam
1991 2357 2036 2420 et
2059 2341 2144 2422 Ta·

449 2507 580 2596 nain,
623 2489 828 2610 gregatim
868 2487 1146 2604 migrantem²
1187 2509 1231 2572 et
1257 2483 1304 2571 in
1331 2485 1439 2574 locis
1468 2487 1637 2575 Carduo
1675 2485 1849 2573 consitis
1882 2485 2037 2605 passim
2064 2485 2144 2604 hy·

452 2647 717 2732 bernantem.
782 2649 831 2726 In
868 2641 1023 2726 Sibiria
1053 2635 1164 2724 mihi
1193 2668 1405 2752 nunquam
1442 2639 1645 2756 apparuit.
1717 2641 1968 2728 Stelleras
1997 2661 2144 2725 tamen

451 2795 621 2882 ridetur
649 2821 705 2878 ex
731 2791 879 2878 insulis
908 2789 1063 2878 Curilis
1091 2791 1274 2898 adlatam
1302 2791 1583 2907 descripsisse,
1610 2812 1655 2876 et
1680 2822 1759 2910 pro
1791 2795 1930 2877 Antlto
1957 2823 1991 2878 s:
2019 2793 2143 2880 Floro

451 2949 630 3036 Bellonii
655 2943 832 3040 habnt.
870 2941 1040 3029 iconem
1068 2941 1199 3026 etiam
1227 2944 1327 3028 satis
1356 2945 1596 3060 elegantem
1622 2943 1810 3060 reliquit.
1874 2941 2036 3064 Accepi
2064 2941 2143 3031 eti·

452 3131 523 3192 am
549 3129 575 3188 e
602 3093 898 3192 Camtschatca
925 3115 971 3180 et
997 3091 1146 3179 insulis
1174 3093 1299 3200 Eois,
1328 3093 1591 3186 simillimam
1619 3125 1864 3216 europaeae.

873 3467 1099 3578 XXVlll·
1172 3467 1718 3580 PASSERES.

1163 3733 1425 3756 ιιι-ιι-ι-ιι

589 3881 711 3970 Licet
741 3887 958 3972 Passemm
974 3881 1149 3998 species
1178 3880 1400 3968 videantur
1433 3880 1591 4000 ubique
1618 3911 1820 3974 terrarum
1849 3917 1874 3974 e
1906 3885 2139 4004 vegetabili

451 4065 581 4152 regno
611 4037 811 4154 pabulum
837 4031 1031 4118 invenire
1058 4033 1141 4118 sibi
1169 4063 1316 4151 posse,
1342 4057 1487 4122 tamen
1513 4038 1654 4154 plures
1682 4069 1827 4125 eorum
1852 4039 1899 4126 in
1927 4035 2139 4126 territorio

450 4191 619 4276 Faunae
652 4209 817 4275 nostrae
851 4182 1008 4270 locales
1044 4215 1133 4272 esse
1173 4189 1457 4275 observantur.
1527 4189 1597 4276 Sic
1631 4193 1780 4306 Spina
1815 4215 1860 4278 et
1895 4192 2138 4280 Cannabiaca

451 4340 656 4428 Ucalense
685 4347 855 4454 jugum,
898 4337 1114 4426 carduelis
1139 4337 1350 4424 Jeniseam
1381 4370 1468 4427 non
1501 4365 1792 4448 excesserunt,
1830 4341 2022 4459 quamvis
2051 4371 2138 4428 om·

453 4491 520 4580 nis
553 4491 707 4580 Sibiria
744 4487 929 4578 Carduos
957 4511 1002 4576 et
1030 4488 1267 4579 Cannabim
1305 4490 1530 4578 erraticam
1564 4495 1772 4608 proferat;
1819 4497 1967 4586 Passer
1998 4523 2136 4582 roseus

451 4666 574 4730 extra
610 4641 841 4730 Dauuriam
870 4669 957 4724 non
984 4663 1049 4725 est
1074 4639 1346 4745 observatum
1399 4645 1544 4733 Passer
1577 4645 1823 4736 danmatione
1850 4648 1944 4735 loca
1972 4670 2138 4734 tantum

453 4793 562 4912 agris
595 4797 709 4882 calta
738 4790 874 4886 adiit;
922 4789 1068 4876 Passer
1094 4803 1273 4880 arcticus
1299 4823 1446 4880 nouam
1475 4795 1700 4912 glacialem
1728 4799 1860 4884 nostri
1890 4801 1981 4918 poli
2007 4795 2136 4915 potis-

451 4945 606 5038 anun
632 4945 753 5038 colit.
807 4941 939 5030 Nulla
965 4939 1098 5029 rarior
1122 4941 1170 5028 in
1199 4942 1355 5032 Sibiria
1380 4953 1425 5032 P.
1454 4951 1581 5066 Spina
1602 4969 1649 5034 et
1674 4951 1993 5070 Montrjriagilla
2020 4948 2136 5037 nulla
