4778 6044
462 477 554 564 320
1239 469 1384 524 ==

597 677 762 768 Pullis
803 673 955 766 adultis
983 669 1121 792 primo
1151 695 1275 754 anno.
1345 667 1535 752 Rostrum
1572 661 1759 779 nigrum,
1816 661 1908 749 basi
1944 659 2148 766 lividum3

459 831 583 916 indes
608 833 996 930 cinereo-fuscae,
1026 824 1154 942 pedes
1183 817 1344 904 cinerei
1373 817 1442 900 vel
1470 817 1772 916 fuscescentes3
1802 846 1949 932 corpus
1978 845 2147 932 gryseo·

462 980 720 1089 exalbidum,
751 984 889 1073 lituris
918 977 1042 1064 fuscis
1072 973 1246 1074 varium,
1278 997 1385 1086 quae
1414 999 1535 1084 supra
1566 969 1727 1052 discum
1750 988 1885 1051 totum
1909 967 2148 1081 plumarum

457 1156 693 1248 occupant;
750 1135 947 1222 rectrices
975 1131 1120 1233 albae,
1177 1121 1420 1210 transversis
1448 1118 1587 1236 strigis
1616 1141 1659 1204 et
1688 1117 1814 1206 fascia
1844 1117 1964 1234 nigra
1988 1123 2147 1208 subter-

457 1282 637 1372 minali!

710 1541 849 1646 378*.
918 1531 1187 1626 LARUS
1242 1533 1449 1622 niveus.
1509 1525 1640 1616 TAB.
1679 1521 1892 1616 LXXVI.

598 1741 645 1825 L.
675 1765 788 1829 totus
818 1744 954 1852 albus,
984 1743 1107 1828 dorso
1138 1767 1257 1844 canu,
1289 1757 1421 1822 rostro
1449 1731 1681 1819 virescente
1698 1735 1835 1818 -flavo
1861 1729 2146 1846 immaculato,

457 1889 637 2007 pedibus
666 1894 805 1980 fuscis.

571 2050 706 2130 Datur
732 2045 777 2130 in
807 2045 913 2130 mari
939 2049 1068 2134 boreo
1098 2068 1141 2133 et
1183 2038 1515 2141 Canrtschatico,
1572 2034 1709 2120 minus
1751 2037 1944 2154 frequens
1978 2071 2150 2157 praece·

463 2193 615 2300 dente,
657 2229 736 2284 nec
763 2197 935 2283 flumina
963 2201 1045 2284 alte
1077 2201 1346 2284 adscendens.

599 2351 772 2435 Descr.
802 2353 1049 2464 Magnitudo
1078 2351 1208 2438 Corvi
1235 2347 1419 2436 Coracis.
1478 2345 1668 2428 Rostrum
1695 2343 1929 2428 virescente
1947 2399 1961 2408 -
1978 2350 2147 2458 flavum,

461 2493 586 2582 litura
616 2502 738 2586 rubra
765 2503 906 2602 nulla;
936 2505 1009 2588 sed
1039 2505 1191 2618 angulo
1219 2500 1323 2604 oris,
1353 2521 1398 2582 et
1424 2528 1471 2583 os
1497 2495 1629 2598 intus„
1660 2492 1870 2580 coccinea.
1928 2499 2149 2616 Palpebra-

461 2677 552 2732 rum
581 2681 724 2764 margo
752 2655 912 2755 nudus,
953 2655 1221 2740 ruberrimus.
1279 2650 1408 2736 lrides
1437 2647 1803 2732 cinereo-fuscae.
1868 2649 1995 2734 Pedes
2023 2653 2146 2744 susci.

461 2798 648 2916 Reliquo
677 2799 843 2908 colore,
875 2827 918 2888 et
946 2803 1067 2920 apice
1097 2807 1254 2892 alarum
1282 2801 1403 2916 nigro
1431 2796 1702 2915 praecedenti
1730 2796 1985 2886 simillimus.
2041 2807 2147 2892 Pon-

461 2949 539 3036 dus
565 2953 848 3067 sesquilibrali
876 2954 1027 3041 minus.
1084 2961 1323 3044 Mensurae:
1365 2953 1416 3038 ad
1443 2951 1693 3068 uropygiurn
1730 2953 1773 3034 1'.
1804 2947 1860 3034 0⁸.
1890 2951 1960 3060 9'''.
1988 2959 2148 3044 caudae

464 3102 524 3187 ⁵⁰.
553 3105 622 3192 6'“.
650 3106 774 3192 ulnae
804 3105 963 3192 alarum
996 3111 1041 3194 1'.
1073 3109 1131 3194 2⁰.
1162 3109 1230 3196 5‘''.
1259 3135 1535 3222 expansarum
1567 3103 1616 3190 δ’.
1646 3104 1706 3210 9”.

900 3368 1016 3476 379.
1107 3357 1371 3450 LARUS
1457 3356 1705 3470 glaucus.

603 3563 652 3644 L.
681 3583 792 3647 totus
821 3564 962 3667 albus,
993 3566 1116 3650 dorso
1145 3586 1188 3649 et
1217 3565 1293 3648 alis
1322 3561 1457 3668 canis,
1496 3565 1711 3648 Britanich.
1743 3596 1828 3650 orn.
1859 3565 1945 3652 bor.
1975 3597 2015 3652 n.
2056 3583 2145 3676 148.

685 3711 893 3799 Glaucone
922 3717 1041 3821 Gull,
1070 3717 1192 3802 Peru.
1222 3717 1340 3804 Zool.
1368 3736 1470 3802 aret.
1498 3718 1554 3800 ΙΙ.
1581 3749 1622 3832 ρ.
1653 3729 1748 3804 532.
1776 3719 1827 3804 Β.
1855 3721 2049 3808 Lautam.
2077 3753 2146 3808 av.

737 3865 809 3950 VI.
839 3900 881 3983 p.
911 3881 1005 3982 374.
1035 3901 1074 3954 n.
1102 3885 1144 3974 4.

600 4000 855 4103 Odiervatus
895 4020 942 4106 in
981 4017 1088 4105 mari
1127 4017 1388 4126 Ochotensi,
1443 4019 1581 4110 minus
1622 4021 1829 4138 frequens.
1901 4023 2148 4111 Videturt

461 4163 728 4253 matriacum
756 4171 1031 4286 praecedenti
1072 4173 1215 4290 specie
1254 4171 1478 4278 confundi,
1524 4207 1548 4260 a
1587 4205 1667 4290 qua
1707 4174 1958 4293 praesertim
1987 4178 2146 4262 alanum

464 4313 585 4431 apice
627 4349 713 4405 non
754 4322 878 4438 nigro
920 4347 965 4410 et
1004 4324 1184 4442 pedibus
1220 4325 1361 4413 carnei
1400 4325 1553 4415 coloris
1582 4329 1750 4436 differt,
1792 4331 1989 4446 quodque
2016 4329 2146 4447 paulo

458 4472 594 4582 major
621 4493 698 4556 est.

598 4623 771 4712 Descr.
811 4627 1004 4716 Rostmm
1030 4629 1202 4746 longum
1229 4631 1316 4742 (a''.
1346 4635 1466 4745 5'''.),
1506 4633 1716 4736 validum,
1756 4637 1939 4736 luteum,
1979 4631 2146 4720 macula

456 4775 655 4884 utrinque
683 4777 806 4863 rubra
833 4781 1035 4866 maxillae
1063 4781 1287 4872 inferioris.
1346 4787 1537 4876 circulus
1564 4791 1860 4906 palpebrarum
1886 4791 2032 4886 ruben
2070 4788 2145 4872 In'·

459 4919 533 5012 des
560 4921 884 5042 flavo-pallidae.
941 4935 1092 5048 Caput,
1120 4945 1283 5050 eodum,
1313 4941 1449 5030 cauda
1471 4963 1517 5030 et
1533 4963 1623 5031 tots
1643 4971 1775 5059 prona
1796 4941 1925 5029 facies
1945 4936 2140 5030 candidu·
