4734 6070
961 537 1123 586 ‘=···''''
1806 532 1892 618 ¹43

208 759 486 855 expansarum
515 733 673 820 alarum
707 746 754 820 ι’.
790 745 876 819 100.
907 735 984 817 nm.
1025 735 1232 820 femorum
1273 733 1326 820 ad
1375 749 1434 820 1¹¹.
1479 748 1551 818 lm„
1589 691 1895 822 denudatorum

205 899 271 976 nu.
314 893 394 975 Bm.
436 885 637 974 tibiarum
680 892 742 972 11‘.
792 891 892 973 tom.
925 873 1060 999 'digiti
1102 883 1237 972 medii
1285 894 1346 972 ιΝ.
1381 894 1466 993 '4⁰1.
1492 885 1649 1002 postici
1682 885 1894 973 rudimen-

203 1063 294 1128 tum
329 1049 437 1133 Μ’.

344 1194 460 1278 Not.
502 1193 763 1280 Gmelinus
787 1193 888 1280 se‘n„
909 1191 962 1276 de
981 1189 1073 1276 theo
1101 1190 1243 1306 specie
1272 1193 1491 1296 observat,
1532 1221 1625 1276 eam
1653 1193 1707 1278 ad
1736 1197 1895 1280 Lena'm

204 1365 371 1430 tantum
398 1365 599 1429 autumno
627 1343 831 1459 gregatim
862 1373 1061 1461 apparere
1102 1341 1150 1428 in
1191 1342 1352 1460 campio
1394 1365 1438 1430 et
1477 1348 1530 1430 ab
1568 1345 1723 1430 accolis
1751 1344 1894 1430 Russis

204 1499 501 1584 Semenusctta
530 1495 748 1612 appellari.
811 1494 1030 1582 Perdelam
1060 1495 1248 1582 delineat
1274 1498 1503 1584 Pennont
1529 1496 1575 1583 in
1603 1497 1804 1582 additam.
1842 1497 1895 1582 ad

204 1649 326 1734 Zool.
370 1649 518 1734 britan.
562 1659 619 1734 8⁰.
645 1679 703 1767 .p.
732 1663 798 1738 65.
841 1649 926 1734 tob.
957 1681 1025 1760 72.
1066 1647 1318 1763 videturque
1352 1679 1434 1764 ,pro
1463 1649 1667 1736 varietate
1695 1651 1896 1744 Pluvialis

203 1799 427 1905 habuisse,
454 1800 543 1888 imo
572 1831 669 1888 cum
698 1799 779 1888 Ch.
809 1807 1085 1917 hypomelano
1114 1829 1209 1886 eam
1245 1799 1497 1889 confodisse.
1629 1875 1632 1884 .

365 2072 536 2192 ·264·
626 2069 1187 2165 CHARADRIUS
1252 2027 1684 2166 alexandrinus.
1734 2059 1755 2205 J

344 2259 395 2348 C.
424 2258 697 2374 tridactylus,
740 2292 862 2377 supra
900 2259 1066 2362 furvus,'
1122 2259 1267 2344 subtus
1307 2257 1627 2376 superciliisque
1673 2256 1892 2363 candidis,

203 2409 333 2500 fascia
358 2411 493 2528 juguli
518 2411 752 2530 interrupta
787 2414 916 2498 fusce.

425 2563 627 2650 Pluvialis
652 2587 872 2680 torquata,
901 2569 1083 2652 Erimon.
1114 2595 1199 2652 orn.
1232 2577 1281 2656 V.
1312 2601 1352 2684 p.
1383 2582 1449 2654 60.
1480 2569 1566 2652 tub.
1598 2580 1637 2654 5.
1657 2568 1740 2676 fig.
1775 2599 1810 2648 1.

424 2713 678 2805 Charadrius
702 2716 1040 2822 ¹alexandrinus,
1081 2720 1354 2834 Husselquist.
1394 2729 1482 2804 itin.
1526 2753 1567 2836 p.
1610 2725 1706 2803 '310-
1746 2727 1892 2802 n..;3o.

476 2873 566 2954 Lin.
595 2890 700 2980 synt.
731 2903 769 2988 p.
803 2885 895 2958 253.
924 2901 987 2986 sp.
1018 2901 1056 2953 o.

341 3021 690 3141 Copiosissimum
718 3045 763 3107 et
790 3021 1006 3108 turmatim
1047 3022 1263 3108 volantem
1304 3025 1525 3110 observavi
1555 3030 1670 3138 Majo
1698 3021 1810 3108 circa
1837 3022 1895 3134 le·

200 3207 273 3264 cus
316 3175 594 3292 salsuginosos
637 3199 681 3260 et
718 3178 956 3260 subamaros
998 3173 1113 3259 inter
1156 3176 1352 3260 Ononem
1396 3199 1440 3261 et
1477 3183 1697 3290 Argunum
1745 3173 1895 3290 fluvios

201 3327 442 3432 Dauuriae3
472 3332 525 3414 ed
552 3327 762 3414 Jeniseem
791 3324 1078 3412 subsolitarius
1108 3327 1220 3411 visus
1248 3351 1324 3414 est.
1379 3336 1430 3412 In
1458 3328 1655 3414 citeriore
1685 3326 1897 3412 Sibiriaet

200 3481 353 3568 Rossia
381 3506 594 3596 nunquam
615 3479 747 3586 nisus.
805 3477 893 3564 vix
920 3499 1062 3564 tamen
1090 3483 1142 3565 ab
1171 3481 1439 3597 Aegyptiaco
1467 3481 1621 3568 diferre
1659 3479 1841 3564 videtur.

338 3637 508 3721 Descr.
553 3631 878 3747 Elegantissime
920 3631 1109 3737 avicula,
1151 3635 1431 3747 magnitudine
1445 3696 1459 3734 ,
1503 3631 1611 3719 facie
1651 3654 1695 3718 et
1734 3628 1895 3716 tenello

202 3793 406 3907 adspectu
432 3785 686 3871 Hiaticulae.
742 3789 935 3872 Rostrum
963 3781 1142 3899 nigrum.
1216 3786 1511 3900 Palpebrorum
1552 3815 1723 3900 margo,
1766 3805 1813 3872 ut
1851 3783 1898 3870 in

197 3942 443 4044 tunicula,
474 3941 632 4043 nudus,
663 3941 737 4026 sed
766 3939 899 4054 niger.
957 3940 1088 4024 Irides
1116 3961 1242 4024 atrae.
1312 3939 1468 4041 Prone·
1507 3935 1788 4051 superciliaris
1817 3959 1897 4022 tra·

201 4117 294 4181 ctus
321 4092 591 4197 latiusculus',
621 4100 837 4208 lateraque
875 4089 1039 4206 capitis,
1070 4113 1166 4175 cum
1194 4096 1360 4174 ceruicis
1388 4110 1623 4174 transversa
1639 4091 1793 4196 foscia,
1819 4121 1897 4201 gn-

200 4255 259 4352 la,
288 4269 462 4361 totoque
491 4243 678 4361 corporis
706 4243 842 4328 infero
871 4243 1004 4328 latere
1030 4241 1170 4326 nivea.
1221 4243 1396 4326 Macula
1426 4237 1598 4328 venicis
1627 4240 1681 4322 ad
1715 4241 1897 4325 frontem

201 4399 343 4486 olbam
372 4419 633 4502 transversa,
660 4395 849 4512 itemque
875 4401 990 4498 lora,
1021 4422 1200 4508 areaque
1229 4421 1340 4507 pone
1369 4391 1513 4476 oculos
1542 4389 1659 4507 nigra
1690 4390 1900 4495 maribus,

198 4548 399 4638 foeminis
426 4547 554 4636 fusca.
635 4548 865 4661 Reliquum
892 4547 1067 4634 verticis
1084 4605 1113 4644 ‚,
1139 4555 1234 4635 'cum
1277 4542 1405 4627 initio
1447 4540 1636 4631 cervicis·
1662 4544 1897 4651 latescunt,

196 4701 372 4790 cinereo
402 4701 533 4816 magis
561 4700 752 4787 minusve
795 4703 1008 4788 nebulosa.
1092 4700 1206 4784 Area
1247 4694 1382 4810 juguli
1425 4692 1622 4808 utrinque
1666 4716 1901 4780 transversa

194 4853 318 4970 nigra
345 4851 561 4960 muribus,
589 4851 786 4940 foeminis
812 4851 918 4937 item
946 4854 1074 4938 fusca.
1131 4851 1266 4964 Supra
1300 4876 1449 4961 corpus
1478 4874 1502 4930 u
1530 4843 1697 4932 cervice
1726 4849 1779 4931 ad
1807 4877 1901 4932 cau·

197 5007 302 5095 dam
330 5035 479 5132 gryseo
494 5057 508 5072 -
523 5007 738 5094 cinereum
752 5041 765 5114 3
796 5003 1156 5122 uropygii.lntera
1185 5001 1294 5091 alba.
1366 5001 1474 5091 Aloe
1495 5059 1498 5070 ·
1516 4999 1777 5115 ,compositae
1806 5029 1899 5086 cau-
