4770 6042
457 565 515 658 aa
1212 533 1361 612 Ε·

454 799 553 856 men
581 767 809 870 russicum3
859 787 900 852 at
930 763 976 850 in
1003 760 1246 848 borealibus
1276 757 1425 843 vivunt
1454 756 1630 872 gemmis
1661 755 1846 842 Salicum
1875 754 2142 871 pumilarum,

451 925 627 1010 Betulae
655 951 807 1020 nanae,
852 917 990 1034 granis
1019 913 1136 1017 Lini,
1183 909 1400 1012 Rumicis,
1451 911 1760 1024 Polygonorum
1791 931 1915 1022 atquc
1946 910 2142 1000 Caricum

449 1075 677 1162 variorum.
736 1072 994 1175 Cantillant,
1037 1065 1167 1152 etiam
1200 1061 1387 1178 hyemer
1442 1063 1518 1146 sed
1546 1085 1694 1177 captae
1722 1059 1796 1144 vix
1824 1060 2007 1177 pipitum
2034 1063 2144 1180 pulli

450 1227 675 1342 gallinacei
703 1225 914 1312 aemulum
943 1223 1102 1319 edunt,
1159 1247 1237 1303 nec
1267 1214 1526 1310 cicurantur‚
1581 1215 1655 1298 sed
1683 1212 1803 1300 brevi
1832 1237 2022 1327 pereunt.
2093 1225 2143 1306 ln

448 1379 720 1498 hypocaustis
747 1381 969 1474 detentae,
998 1369 1116 1487 quasi
1144 1397 1296 1454 coecae
1325 1365 1371 1452 in
1399 1365 1581 1482 parietes
1605 1387 1649 1450 et
1673 1367 1873 1450 fenestras
1901 1364 2143 1470 illiduntur,

447 1533 717 1649 maximeque
758 1529 935 1646 frigidos
980 1525 1151 1640 angulos
1186 1543 1406 1636 quaerunt.
1476 1526 1525 1603 In
1555 1517 1726 1634 Campis
1756 1520 1899 1604 volatu
1929 1519 2027 1602 satis
2054 1523 2141 1606 alto

445 1685 520 1770 sed
548 1683 671 1770 brevi
699 1687 905 1778 feruntur,
959 1683 1191 1792 crebroque
1217 1673 1264 1757 in
1293 1673 1391 1758 nive
1434 1671 1677 1775 consident,
1735 1702 1862 1786 quam
1891 1673 1987 1758 loco
2015 1695 2138 1789 potus

445 1857 609 1920 vorant.
679 1839 797 1948 Quae
826 1833 871 1918 in
901 1831 1049 1918 Bossia
1093 1827 1332 1944 capiuntur,
1396 1824 1620 1941 pleraeque
1648 1844 1745 1908 sunt
1772 1823 1942 1910 circiter
1978 1827 2138 1914 unciali

444 1988 655 2104 pondere,
713 1985 873 2072 similes
929 1989 1132 2072 Varietate
1160 1983 1204 2072 a.
1232 1976 1278 2060 in
1320 1979 1465 2061 Fauna
1502 1987 1665 2064 suecica
1710 1975 1969 2094 descriptae,
2026 1985 2139 2067 unde

442 2134 556 2224 hane
583 2137 754 2258 proprie
782 2139 958 2255 Alpium
986 2131 1323 2248 norvagicarum,
1379 2127 1445 2212 uti
1473 2128 1666 2214 Rossicas
1696 2128 2017 2244 lapponicarum
2030 2192 2045 2233 ,
2072 2131 2138 2218 in·

443 2291 640 2406 quilinas,
671 2321 761 2376 esse
790 2289 1059 2378 crediderim.
1121 2290 1302 2397 Majores
1331 2311 1450 2378 vero,
1506 2286 1694 2398 pondere
1722 2282 1809 2368 lere
1845 2283 2139 2390 sescunciales,

440 2439 673 2560 pulcriores
702 2465 746 2526 et
773 2441 914 2558 capite
955 2472 1079 2558 saepe
1121 2461 1236 2524 totae
1280 2431 1486 2518 candidae
1515 2457 1611 2518 sunt
1639 2433 1847 2540 Sibricae,
1904 2463 1957 2520 eo
1986 2435 2133 2552 magis,

444 2623 529 2712 quo
574 2593 708 2708 magis
749 2596 802 2680 ad
841 2593 1051 2680 orientem
1089 2589 1216 2706 friget
1255 2585 1439 2672 borealis
1475 2615 1560 2673 ora.
1629 2589 1837 2703 Talesque
1865 2587 1910 2672 in
1941 2587 2137 2676 Sueciam

442 2745 668 2862 Spizberga
697 2745 1018 2833 verosimillime
1048 2743 1194 2846 mittit,
1226 2763 1272 2826 ut
1302 2738 1486 2823 lslandia
1514 2739 1558 2824 in
1589 2741 1801 2856 Angliam,
1832 2747 1949 2856 cujus
1977 2741 2023 2826 in
2051 2773 2137 2842 ma·

441 2895 598 2984 ritimis
625 2899 731 2982 tales
758 2895 1011 3012 bybemant.
1082 2905 1131 2982 In
1161 2891 1309 2980 Rossia
1335 2921 1501 3004 quoque
1530 2892 1641 2978 inter
1669 2897 1881 3010 vulgares,
1923 2894 2131 3008 ejusmodi

440 3048 708 3136 candidiores
750 3080 875 3166 saepe
916 3053 1208 3146 observantur,
1261 3043 1416 3130 itidem
1459 3046 1566 3132 forte
1594 3047 1780 3132 maxime
1808 3046 1991 3133 borealis
2018 3077 2115 3133 orae

440 3199 698 3316 Spizbergae
725 3225 770 3288 et
796 3209 946 3289 Novae
973 3227 1134 3302 terrae,
1164 3199 1291 3286 cives.
1352 3197 1510 3282 Mirum
1538 3229 1660 3294 vero.
1689 3197 2031 3314 quandoquidem
2057 3229 2136 3316 per

438 3373 571 3438 totam
602 3357 708 3443 adeo
739 3354 932 3442 Rosciam
961 3351 1117 3468 hyeme
1147 3353 1333 3438 abundet
1359 3347 1468 3436 haec
1496 3351 1597 3448 avis,
1627 3351 1860 3440 rarissimae
1889 3350 1935 3436 in
1961 3351 2126 3470 reliqua

439 3507 608 3622 Europa
637 3504 897 3624 apparuisse3
927 3503 1101 3590 forsitan
1132 3504 1246 3621 quod
1274 3507 1327 3588 ab
1356 3528 1472 3590 arcto
1498 3528 1612 3591 recta
1641 3505 1756 3592 linea
1784 3503 2028 3590 meridianis
2055 3537 2128 3622 pa·

438 3653 588 3742 sallela
628 3657 808 3774 migrare
848 3656 981 3756 solet;
1038 3663 1229 3773 Europae
1271 3685 1370 3742 vero
1413 3681 1527 3742 recta
1556 3659 1610 3744 ad
1650 3656 1980 3775 septentrionem
2021 3659 2127 3744 sitae

437 3825 575 3892 terrae
604 3807 691 3895 lato
719 3813 895 3897 Oceano
937 3807 1142 3894 diremtae
1179 3831 1286 3894 sunt.
1355 3815 1405 3895 ln
1433 3810 1646 3896 Austriam
1673 3835 1816 3897 tamen
1844 3809 2002 3926 hyeme
2031 3839 2127 3926 gre·

439 3955 573 4070 gatim
611 3960 774 4066 venire,
831 3967 1040 4050 Cramer
1065 3959 1279 4077 prodidit;
1342 3993 1395 4048 an
1420 3964 1529 4048 forte
1558 3993 1613 4048 ex
1653 3963 1831 4082 alpibus.
1900 3969 1950 4050 In
1977 3961 2128 4078 Belgio

439 4131 556 4198 certe
586 4143 610 4202 e
637 4113 868 4232 Norvagia.

572 4267 745 4354 Descr.
773 4265 1032 4354 Differentia
1059 4267 1242 4354 sexualis
1270 4271 1400 4358 nulla.
1457 4271 1649 4358 Rostrum
1676 4269 1919 4388 inaequale,
1949 4271 2125 4376 luteum,

437 4413 561 4534 apice
600 4419 874 4508 lassescente.
944 4417 1173 4508 Character
1214 4421 1480 4525 Emberizae,
1512 4409 1734 4510 ‘maxillae
1761 4423 1838 4510 inl.
1868 4421 2126 4540 marginibus

434 4566 658 4666 involutis.
714 4571 927 4688 superiore
968 4570 1205 4690 angustiore
1246 4576 1389 4691 palato
1427 4576 1705 4662 tuberculosa.
1774 4579 1907 4666 Nares
1936 4569 2123 4660 vibrissis

435 4720 543 4808 albis
571 4723 835 4812 semitectae.
893 4727 1055 4839 Lingua
1081 4723 1285 4840 triquetro
1315 4725 1565 4814 acuminata.
1622 4731 1781 4848 Corpus
1808 4727 2008 4826 niveum
2036 4757 2123 4812 ver·

436 4891 506 4960 tes
535 4873 672 4961 lituris
701 4877 940 4992 ferrugineo
956 4929 970 4946 ·
985 4877 1311 4965 lassescentibus
1326 4882 1420 4998 plus
1436 4879 1571 4966 minus
1592 4881 1838 4995 variegatus,
1871 4888 2125 4998 uropygium

436 5047 482 5110 et
520 5029 665 5116 cervix
705 5029 1041 5146 subferrugiueis.
1123 5031 1302 5120 Aurium
1341 5035 1512 5152 plumae
1549 5033 1845 5124 lassescentes.
1930 5029 2124 5122 Circulus
