4778 6044
527 421 619 522 284
1292 429 1440 482 -····=

529 635 617 722 imo
644 635 850 754 ineptius,
881 667 1006 754 quam
1021 627 1222 750 Colymbi
1250 651 1403 749 reptat.
1445 629 1621 749 Stupida
1649 654 1859 718 caeterum
1888 652 1932 716 et
1958 634 2191 722 mordacula.

533 795 674 903 Aegre
703 791 896 876 subvolat
934 787 1074 906 parvis
1104 785 1196 914 alis.
1265 789 1306 872 V
1304 819 1360 872 ox
1388 787 1516 899 vulgo
1544 785 1845 899 subgrunniens
1853 847 1868 886 ,
1923 815 2046 870 rauca
2070 787 2196 874 brevis

531 939 820 1068 (cha-cha),
878 941 1092 1028 interdum
1132 940 1371 1055 singularis,
1430 938 1549 1054 quasi
1589 940 1851 1026 saara-uzu
1879 969 2041 1024 sonans.
2094 943 2196 1026 Anas

534 1095 742 1180 africanus
771 1095 910 1211 capite
941 1096 1059 1198 albo,
1116 1116 1249 1192 rostro
1278 1123 1414 1178 crasso
1441 1092 1640 1177 coeruleo
1669 1095 1779 1207 apud
1808 1095 1951 1179 Sboru
1993 1091 2109 1202 (itin.
2136 1097 2198 1178 ed.

533 1248 633 1362 gall.
665 1253 699 1332 Ι.
728 1279 771 1363 p.
803 1255 927 1360 329.)
957 1247 1127 1334 videtur
1154 1249 1304 1331 eadem
1332 1245 1403 1330 vel
1431 1247 1657 1328 admodum
1686 1243 1820 1330 affinis
1847 1244 2024 1360 species.

670 1403 850 1486 Descr.
907 1401 1158 1516 Magnitudo
1201 1401 1289 1484 fore
1333 1397 1441 1482 infra
1483 1426 1675 1500 coecam,
1749 1400 1823 1482 sed
1866 1427 2040 1514 corpore
2077 1397 2203 1484 latior.

529 1557 721 1642 Rostrum
751 1583 969 1668 magnum,
1027 1555 1183 1656 latum,
1241 1551 1631 1665 livido-cyaneum
1659 1555 1748 1664 (*);
1804 1549 1895 1634 basi
1935 1583 2057 1667 supra
2085 1583 2205 1656 nares,

533 1707 778 1822 praesertim
807 1705 1041 1790 lateraliter
1066 1705 1252 1804 tumida,
1282 1702 1555 1818 subdidyma‚
1611 1701 1895 1817 inaequaliter
1921 1727 2089 1804 cavata,
2117 1707 2207 1790 duo·

530 1862 607 1944 bus
648 1857 810 1974 angulis
852 1858 975 1943 nudis
1019 1857 1064 1942 in
1107 1861 1289 1942 frontem
1332 1877 1606 1954 excurrente;
1667 1877 1859 1940 extremo
1887 1855 2209 1971 planiusculum,

529 2012 840 2125 substrigosum.
912 2020 1059 2126 Margo
1100 2018 1319 2126 superioris
1346 2015 1545 2093 maxillae
1573 2007 1664 2092 acie
1694 2030 1880 2121 argutus,
1939 2013 1991 2092 ad
2024 2011 2208 2122 angulum

530 2163 614 2246 oris
642 2174 829 2264 excisus,
856 2173 1017 2282 papilla
1046 2163 1239 2248 coerulea
1266 2161 1312 2244 in
1341 2159 1434 2276 ipso
1463 2163 1631 2276 angulo.
1688 2165 1858 2272 inferior
1884 2161 2062 2246 maxilla
2089 2163 2211 2247 multo

528 2317 753 2430 angustior.
810 2317 943 2403 Nares
968 2317 1163 2432 patulae,
1204 2315 1434 2426 oblongae,
1477 2312 1672 2429 perviae,
1708 2341 1845 2400 crasso
1872 2313 1989 2400 labio
2019 2316 2210 2430 margina-

527 2487 610 2552 tae.
666 2474 874 2556 Lemelloe
903 2469 1025 2555 rostri
1054 2466 1291 2582 grossiores.
1361 2437 1491 2552 irides
1518 2467 1671 2552 fuscae.
1729 2473 2027 2584 Capetusque
2055 2471 2109 2554 ad
2136 2499 2212 2555 cer·

525 2619 669 2706 vicem
697 2623 861 2722 album,
903 2655 1001 2708 areo
1030 2651 1179 2735 magna
1207 2619 1378 2706 verticis
1407 2639 1451 2702 et
1478 2619 1693 2734 palpebris
1721 2621 1866 2736 nigris.
1936 2625 2107 2708 Collum
2132 2651 2207 2706 me·

529 2771 602 2858 dio
631 2797 787 2880 atrum,
816 2774 1039 2890 nigredine
1069 2772 1348 2888 inaequaliter
1361 2770 1526 2890 diffusa.
1582 2775 2212 2891 Proratotacoqrorisobscuro·

529 2926 788 3042 ferruginea,
819 2926 941 3044 nigro
967 2927 1192 3025 undulata,
1219 2925 1439 3041 pulverato
1454 2975 1468 2990 ·
1484 2950 1770 3041 conspurcata.
1826 2930 2037 3044 Scapulae
2066 2953 2110 3016 et
2132 2937 2215 3016 aloc

484 3055 488 3064 ⁸
529 3089 691 3194 spuriae
720 3111 872 3186 canae,
918 3080 1343 3194 fusco-pulveratae,
1386 3077 1707 3194 fermgineoque
1734 3083 1975 3169 nebulosae.
2037 3091 2215 3168 Truncus

529 3234 671 3316 subtus
699 3255 810 3318 totus
850 3254 893 3316 et
929 3232 1091 3348 postica
1120 3229 1233 3316 dorsi
1262 3229 1453 3342 nigrent,
1511 3257 1661 3344 gryseo
1690 3257 1989 3348 conspurcata,
2049 3259 2094 3322 et
2120 3263 2216 3320 cano
2336 3231 2337 3246 '

527 3383 665 3468 nitore
695 3385 985 3498 splendentia;
1014 3387 1089 3470 sed
1117 3405 1353 3468 extremum
1383 3383 1580 3498 uropygii
1609 3405 1854 3499 tegetesque
1868 3389 2032 3474 caudae
2061 3389 2215 3474 intense
2336 3395 2337 3462 ἵ

530 3537 639 3634 rufa,
682 3535 803 3647 nigro
846 3523 1132 3652 conspurcata.
1198 3540 1307 3620 Alae
1346 3565 1527 3648 parvae,
1568 3537 1821 3652 uropygium
1848 3539 1965 3625 haud
1997 3563 2216 3656 aequantes
2336 3519 2337 3554 ³

529 3685 695 3783 suscae;
739 3687 913 3773 brachia
956 3720 1101 3803 supra,
1147 3687 1384 3774 vestitrices
1424 3710 1468 3772 et
1497 3711 1656 3804 tegetes
1683 3693 1955 3780 secundariae
1994 3709 2059 3782 15.
2090 3692 2214 3808 apice,

530 3837 711 3952 remiges
740 3841 1011 3927 secundariae
1040 3841 1359 3927 exterius'cano
1386 3840 1643 3954 pulveratae.
1702 3847 1854 3932 Subtus
1881 3849 2087 3934 rectrices
2107 3875 2217 3934 cane

531 4013 716 4094 scentes,
747 3995 1016 4078 secundariae
1047 3993 1199 4078 sensim
1227 3987 1460 4104 remigibus
1489 3991 1562 4078 vix
1576 4027 1661 4082 non
1674 3997 1892 4114 {aequales
1950 4003 2040 4086 Sub
2058 3997 2216 4086 humeri
2336 3985 2337 4040 ³

529 4141 620 4224 basi
646 4173 811 4257 pennae
840 4175 914 4228 sex
945 4145 1283 4260 angustissimae,
1315 4146 1458 4248 albae,
1489 4169 1654 4254 rectae,
1686 4151 1891 4266 remigum
1919 4155 2011 4239 fere
2041 4153 2216 4268 longitu-

528 4292 652 4398 dine,
695 4298 769 4378 sub
800 4295 876 4380 alis
904 4296 1078 4413 spuriis,
1135 4296 1379 4410 singulares.
1455 4299 1717 4413 Uropygium
1746 4303 2016 4419 elongatum:
2077 4306 2217 4394 Cordo

530 4445 677 4558 longa,
705 4447 862 4560 rigida,
907 4474 1098 4564 angusta,
1142 4450 1435 4552 cuneiformis,
1475 4474 1521 4537 ut
1551 4451 1997 4564 Phalacrocoracibus,
2029 4481 2216 4546 constans

526 4645 841 4662 m

580 4757 637 4844 (⁴)
663 4755 809 4828 Coloris
836 4767 1071 4831 mutationem
1099 4768 1135 4830 in
1161 4769 1305 4850 rostro,
1332 4785 1354 4832 a
1378 4773 1520 4836 terrore
1545 4772 1707 4856 incusso,
1735 4771 1781 4838 de
1807 4766 1863 4842 Ct.
1892 4769 1989 4844 Fata
2017 4773 2046 4846 l.
2075 4795 2110 4846 c.
2136 4767 2215 4840 niu

660 4901 733 4948 non
757 4881 955 4950 observare
982 4883 1216 4972 detumeat,
1243 4887 1332 4955 licet
1358 4891 1478 4956 vivam
1505 4888 1695 4988 aliquoties
1723 4891 1921 4967 habuerim.
