4770 6042
461 485 521 592 5'4
1214 501 1362 556 ἕξ

456 699 557 820 gine
585 731 782 820 gryseae3
822 711 988 790 intimae
1015 698 1197 817 remiges
1222 699 1504 821 tectriceaqua
1530 701 1623 790 tufo
1650 701 1919 819 marginatae.
1975 707 2136 796 canda

454 853 717 960 aubbifurca,
761 886 856 942 cum
878 855 981 941 ‚suis
1021 853 1270 940 tectricibua
1298 883 1447 972 gryaeo
1464 907 1482 925 -
1495 854 1691 958 cinerea3
1744 867 1914 946 rectrice
1939 858 2135 976 utrinque

453 1004 613 1095 extima
640 1027 777 1094 tractu
803 1006 998 1122 obliquo,
1046 1005 1236 1092 obsoleta
1265 1005 1377 1093 albo.
1444 1007 1573 1094 Pedes
1596 1007 1800 1096 comacli.
1856 1011 2020 1098 Pondus
2046 1011 2136 1098 lere

453 1154 747 1246 drachmarum
788 1156 989 1274 quinque.
1047 1159 1241 1244 Mensura
1268 1155 1454 1274 corporis
1481 1159 1542 1244 δ”.
1572 1165 1642 1245 a'‘'.
1668 1161 1828 1248 caudae
1858 1165 1917 1247 2⁰.
1951 1165 2021 1246 am.
2052 1161 2135 1248 ala·

452 1339 543 1394 rum
572 1339 850 1425 expansamm
878 1312 939 1398 δ”.
967 1307 1294 1426 compositarum
1324 1312 1380 1394 a'‘.
1411 1315 1483 1418 9‘''.
1539 1313 1754 1398 Foemince
1782 1333 1921 1428 caput,
1951 1313 2136 1400 doraum·

452 1491 534 1576 que
562 1461 801 1580 ferrugineo
829 1483 874 1546 et
901 1461 1061 1578 pallide
1090 1489 1239 1576 gryseo
1267 1459 1455 1562 varium;
1482 1462 1579 1576 gula
1608 1461 1768 1567 albida,
1798 1461 2035 1576 ferrugineo
2063 1491 2136 1548 ne-

452 1613 615 1700 buloaa.
697 1619 881 1699 Dorsum
924 1609 1064 1698 lituris
1104 1609 1245 1698 suecia.
1329 1615 1593 1730 Umpygium
1632 1613 1798 1708 intense
1840 1614 2134 1732 ferrugineum.

450 1768 604 1854 Subtua
631 1767 750 1854 color
776 1767 1044 1882 sulphurem,
1073 1767 1195 1854 utin
1222 1793 1350 1853 mara.

466 2405 472 2424 .
1060 2301 1515 2420 onaclv.

546 2558 2031 2720 PULVERATRICES.

1083 2912 1496 2964 tun-*-

583 3132 917 3226 Pulveratricum
952 3129 1024 3218 vel
1063 3131 1398 3220 Gallinacearum
1436 3126 1616 3220 Familia
1643 3127 1704 3218 ita
1730 3131 1930 3222 namralit
1956 3159 2038 3245 est,
2079 3165 2128 3231 ut

444 3323 472 3381 a
495 3289 644 3410 primia
671 3289 772 3374 inde
814 3283 1140 3401 Ornithologiae
1174 3281 1440 3370 incunabulis
1468 3283 1609 3398 agnita
1637 3305 1681 3371 et
1707 3289 1903 3402 adoptata
1930 3291 2126 3382 omnibus

444 3441 591 3548 suerit,
617 3441 868 3528 nouaclum
896 3471 920 3526 a
947 3435 1164 3552 Zoologis,
1194 3437 1270 3522 aed
1296 3459 1341 3522 et
1367 3469 1390 3520 a
1418 3437 1710 3539 venatoribus,
1736 3435 1822 3524 ima
1854 3471 1879 3526 a
1905 3443 2001 3530 rudi
2027 3446 2120 3562 ple.

443 3597 513 3684 be·
579 3601 715 3682 Tanta
754 3592 872 3678 enim
911 3589 1100 3678 omnium
1139 3585 1262 3702 hujus
1302 3591 1457 3676 ordinis
1492 3588 1633 3676 avium
1659 3611 1726 3678 eat
1752 3593 2051 3682 convenientia
2078 3595 2126 3688 in

444 3769 536 3834 toto
563 3742 749 3862 corporis
774 3739 944 3848 habitu,
987 3741 1175 3860 partibus
1201 3741 1408 3850 externis,
1450 3739 1635 3828 moribus
1662 3767 1708 3828 et
1734 3744 1847 3830 vitae
1875 3772 2049 3858 genere,
2077 3773 2125 3836 ut

443 3901 647 3986 Kleinio
675 3895 807 3982 etiam
818 3893 865 3981 in
877 3925 1008 3980 unum
1034 3923 1179 3981 omnes
1202 3925 1333 4008 genua
1358 3893 1558 4010 conjungi
1582 3923 1704 4012 pocae
1734 3892 1848 3980 vinae
1876 3895 1981 3999 aint3
2007 3905 2120 4016 quod

442 4045 662 4166 equidem,
706 4069 852 4136 contra
891 4045 1237 4163 aequabilitatem
1276 4043 1471 4132 methodi
1509 4045 1732 4150 naturalia,
1774 4077 1987 4162 nunquam
2022 4052 2122 4140 satia

439 4201 826 4288 commendandam
869 4222 915 4285 et
951 4197 1268 4298 inculcandam,
1320 4219 1561 4315 peccatum,
1632 4199 1766 4284 altero
1814 4199 1944 4288 etiam
1987 4203 2118 4310 auxit,

443 4353 545 4438 dum
573 4351 801 4442 columbas
826 4379 1020 4466 quoque,
1049 4371 1245 4466 utsupra
1271 4347 1384 4462 dixi,
1414 4348 1599 4440 alienum
1625 4351 1751 4468 plane
1779 4353 1833 4438 ab
1859 4349 1943 4442 hoc
1972 4355 2119 4444 ordine

444 4531 599 4620 genua,
628 4501 981 4589 Pulveratricibua
1006 4499 1163 4618 pariter
1187 4501 1378 4588 inseruit.

578 4653 910 4742 Pulveratricum
948 4651 1091 4739 omnia
1125 4681 1278 4767 genera
1303 4651 1415 4738 inter
1440 4683 1484 4742 ae
1512 4651 1770 4742 conveniunt
1795 4686 1963 4768 corpore
1989 4657 2122 4772 gravi,

441 4805 580 4892 minua
609 4808 662 4893 ad
689 4806 930 4906 volandum,
954 4835 1084 4922 quam
1110 4807 1164 4890 ad
1192 4834 1358 4892 curaum
1385 4829 1503 4924 apcm
1533 4805 1715 4922 ideoque
1744 4807 2119 4924 pedibuarobuatia,

440 4955 648 5058 camonia,
688 4955 822 5064 duria,
867 4961 922 5046 ad
959 4981 1117 5048 tertam
1155 4959 1411 5048 movendam
1449 4957 1578 5078 aptis,
1620 4957 1773 5076 quibua
1799 4957 1847 5048 in
1871 4959 2120 5050 oeconomia
