4734 6070
1008 456 1158 542 ξ
1864 459 1927 546 9⁹

234 658 445 777 juniorum
471 653 733 762 deliciosae,
770 653 977 774 pessimae
1003 655 1280 746 foeminarum
1309 657 1582 748 incubatione
1610 658 1922 776 emaciatarum,

235 839 280 902 et
307 813 544 917 seniorum,
585 812 628 896 ni
661 832 781 898 aceto
808 812 923 928 prius
950 834 1228 899 macerentur.
1255 864 1312 884 -
1367 815 1527 930 Captae
1556 787 1643 903 cito
1673 818 1924 925 cicurantur,

236 965 431 1084 stupidae
458 994 582 1070 aves,
611 988 657 1051 et
683 962 795 1052 inter
822 964 1074 1051 domesticas
1103 995 1200 1050 aves
1231 989 1369 1081 agunt,
1401 968 1477 1052 sed
1505 967 1691 1084 speciem
1719 999 1804 1054 non
1832 1001 1925 1088 pro-

240 1142 412 1238 pagant.
442 1171 493 1188 -
550 1126 600 1204 In
635 1116 902 1220 borealiores¹
929 1118 1124 1234 regiones
1160 1120 1267 1208 haec
1297 1119 1384 1205 avis
1410 1151 1496 1206 nou
1525 1121 1667 1224 venit,
1711 1151 1790 1206 nec
1818 1124 1929 1208 ultra

235 1273 498 1360 lla'r'calenses
523 1269 719 1387 regiones
746 1268 792 1354 in
820 1270 974 1356 Sibiria
1003 1271 1136 1374 datum
1165 1272 1269 1360 hinc
1297 1269 1451 1358 necin
1479 1269 1722 1359 Amerinam
1742 1273 1922 1360 transiit.

374 1427 548 1510 Descr.
579 1429 740 1540 Lingua
769 1422 1024 1546 marginibus
1053 1456 1196 1511 versus
1225 1426 1343 1516 basin
1387 1425 1590 1540 spinosis,
1633 1424 1753 1541 apice
1795 1428 1928 1538 bifida

235 1580 374 1698 (quod
402 1577 512 1663 rnale
539 1575 585 1660 in
615 1581 841 1665 Linrroeo
882 1575 1156 1696 reprehendit
1181 1569 1524 1692 'Bufforrr'tts).
1595 1585 1645 1664 In
1680 1612 1791 1666 mare
1824 1582 1928 1664 frae-

235 1763 339 1820 num
367 1733 444 1836 snb
472 1729 615 1844 lingua
644 1731 845 1846 duplex,
868 1710 1065 1846 interque
1094 1729 1228 1848 plicas
1258 1729 1465 1816 distantes
1492 1753 1685 1846 apertura
1720 1741 1831 1820 sacci
1857 1762 1927 1848 pe-

234 1884 408 1974 culiaris
419 1945 433 1983 ,
482 1879 684 1996 oblongi,
729 1882 921 1968 anserino
951 1884 1038 1968 sere
1075 1912 1158 1971 ovo
1185 1883 1440 2000 capacioris,
1486 1885 1538 1967 ad
1579 1883 1767 1968 medium
1796 1913 1927 2001 usque

236 2041 397 2128 collum
426 2033 615 2134 extensi;
644 2040 911 2154 oesopbegus.
927 2033 1032 2120 item
1060 2035 1106 2120 in
1137 2066 1260 2124 mare,
1280 2036 1532 2150 ampullatus
1575 2059 1619 2120 et
1654 2035 1766 2121 circa
1796 2037 1927 2120 medi·

237 2223 311 2278 um
348 2190 509 2276 collum
548 2219 708 2280 secessu
745 2195 1003 2300 ingloriose,
1045 2189 1235 2301 ejusdem
1277 2192 1366 2274 fere
1410 2186 1656 2302 capacitatis
1688 2188 1928 2273 instructus.
2012 2263 2015 2276 .

236 2345 349 2432 Hinc
371 2349 477 2458 gula
503 2342 600 2463 laxe
628 2362 750 2425 extus
778 2339 933 2454 plumis
959 2341 1158 2455 utrinque
1188 2341 1242 2424 ed
1270 2340 1459 2425 medium
1486 2339 1590 2424 colli
1619 2339 1837 2454 elongatis,
1868 2372 1929 2426 ra·

236 2499 293 2586 ris
305 2559 320 2598 ,
346 2493 523 2582 setaceis
550 2477 751 2595 barbota,
782 2521 888 2608 quae
918 2491 1116 2578 foeminis
1144 2489 1460 2608 junioribusque
1503 2494 1666 2596 desunt.
1708 2545 1759 2562 -
1801 2499 1851 2580 In
1880 2461 1928 2580 o·

236 2650 405 2740 mnibus
432 2657 586 2761 lanugo
614 2645 726 2731 inter
751 2645 914 2762 plumas
942 2644 1104 2766 pallide
1133 2667 1177 2730 et
1206 2673 1382 2730 amoene
1410 2677 1538 2734 rosen.
1579 2647 1757 2732 Dorsum
1785 2643 1929 2732 rectri-

232 2833 388 2920 cesque
417 2803 575 2888 medice
602 2796 937 2912 lulronigroque
965 2819 1197 2882 transverse
1210 2796 1464 2899 fasciantur3
1493 2809 1665 2912 remiges
1678 2800 1919 2921 pleraeque,

235 2977 403 3076 praeter
431 2951 611 3044 rhachin
640 2973 685 3037 et
710 2948 942 3064 marginem
969 2948 1243 3050 interiorem,
1284 2949 1454 3066 nigrae;
1496 2951 1660 3068 reliqua
1701 2953 1788 3039 lere
1815 2955 1927 3060 alba,

236 3107 415 3198 maculis
442 3128 606 3192 tantum
634 3103 680 3188 in
707 3103 850 3218 jugulo
877 3100 1017 3188 fulvis.
1048 3105 1263 3218 'Remiges
1293 3119 1342 3191 25
1373 3106 1426 3188 ad
1463 3120 1537 3210 30,
1582 3103 1804 3191 interiores
1840 3106 1928 3192 fere

234 3284 353 3349 totae
383 3260 529 3363 albae,
558 3280 607 3343 ut
634 3279 679 3343 et
704 3254 901 3342 rectrices
928 3255 1215 3342 secundariae.
1268 3259 1473 3343 Rectriees
1501 3291 1566 3378 so.
1595 3256 1707 3342 latae
1740 3257 1788 3342 in
1813 3279 1929 3343 utro·

237 3443 323 3533 que
351 3445 477 3518 sexu,
506 3439 680 3509 omnes,
721 3431 886 3526 praeter
912 3407 1141 3515 extimam,
1190 3408 1318 3495 fascia
1345 3411 1495 3496 latiore
1524 3410 1642 3526 nigra
1670 3441 1813 3504 versus
1842 3409 1928 3526 api·

238 3595 360 3670 cem3
390 3563 557 3654 mediae
586 3565 710 3649 dorso
737 3561 995 3649 concolores.
1051 3564 1181 3648 Pedes
1208 3561 1328 3648 fusci:
1384 3566 1550 3652 Pondus
1577 3564 1776 3652 foeminis
1803 3565 1929 3651 libra·

239 3751 334 3806 rum
362 3733 387 3808 6
416 3723 470 3806 ad
504 3753 549 3804 rs
580 3717 862 3816 medicatum
892 3714 1075 3800 maribus
1112 3729 1157 3801 ιθ
1187 3717 1240 3800 ad
1271 3729 1336 3802 ab.
1404 3721 1599 3804 Mensura
1642 3718 1817 3803 masculi
1845 3749 1932 3806 me·
2027 3697 2035 3709 ¹

241 3871 400 3962 diceris
425 3875 479 3960 ad
500 3871 759 3990 'uropygium
790 3873 839 3954 s'.
868 3856 929 3972 4’.
958 3869 1029 3955 5”’.
1058 3867 1218 3954 alarum
1245 3899 1523 3987 expansarum
1551 3873 1602 3959 5'.
1638 3872 1721 3955 103⁴.
1753 3906 1789 3956 o.
1817 3902 1932 3957 corn-

241 4025 473 4143 positarum
493 4029 536 4112 r‘.
558 4028 638 4115 11⁰.
669 4035 739 4112 o'“.
769 4025 927 4108 caudae
963 4023 1045 4106 10⁰.
1076 4021 1144 4106 am.
1174 4024 1381 4144 femorum
1416 4025 1475 4110 δ”.
1504 4021 1707 4108 tibiarum
1729 4027 1791 4112 5”.
1822 4013 1931 4139 digi-

238 4177 439 4266 timedii
470 4183 529 4266 a''.
559 4188 630 4269 δ”).
659 4175 782 4265 rostri
809 4180 863 4262 ad
889 4177 1078 4262 fraenum
1121 4179 1178 4262 δ”.
1247 4178 1432 4263 Troclrea
1472 4199 1585 4261 recta
1622 4176 1668 4260 in
1710 4175 1931 4264 thoracem

243 4334 513 4421 descendens.
570 4334 679 4422 Ossa
707 4333 864 4418 alarum
893 4361 1038 4416 vacua.
1093 4333 1250 4441 Cystis·
1264 4328 1554 4444 magnitudine
1584 4331 1718 4415 fabae.
1777 4333 1818 4414 V
1813 4340 1932 4417 enrri-

239 4493 358 4577 culus
385 4517 605 4592 carnosus,
634 4486 710 4573 vix
734 4483 956 4583 triturans,
984 4481 1333 4568 insectivorarum
1361 4481 1526 4568 similis.
1582 4487 1820 4576 Intestinum
1847 4515 1933 4568 arn·

237 4639 386 4760 plum,
417 4640 745 4766 quadripedale;
774 4663 906 4726 cocca'
926 4635 1208 4754 amplitudine
1240 4632 1390 4750 digiti,
1404 4635 1605 4754 pedalia.

765 4839 1395 4871 ........................,...
1491 4844 1493 4856 .

1474 4965 1497 5012 0
