4734 6070
994 475 1147 535 Ε
1826 474 1919 568 103

226 671 426 783 lictrlata,
457 673 711 765 acutissima.
766 677 904 766 Nares
930 677 1164 794 oblongae,
1195 701 1428 768 antrorsum
1453 681 1638 784 effusae,
1665 663 1723 772 ins
1739 717 1916 774 excava-

224 836 343 922 tione
373 830 495 916 molli
523 828 662 916 rostri.
717 831 869 918 Facies·
888 832 998 918 ultra
1025 832 1169 918 oculos
1196 835 1335 933 nuda,
1370 863 1541 949 rugosa,
1579 841 1727 946 rubra,
1773 837 1919 926 setulis
1986 848 1990 860 ’

226 983 386 1075 crebris
414 985 511 1072 rufis
540 980 817 1076 holosericaa.
871 989 979 1074 Gula
1007 985 1213 1103 plumosa.
1270 989 1401 1076 Irides
1426 990 1590 1106 pallido
1603 1045 1617 1058 -
1630 993 1764 1080 albae.
1819 995 1921 1078 Cor·

226 1171 304 1258 pus
331 1161 470 1225 totum
496 1135 542 1222 in
570 1133 806 1225 senioribus
834 1137 951 1226 nivei
978 1136 1173 1226 candoris
1184 1175 1198 1242 ς
1226 1137 1450 1226 biennibua
1468 1165 1632 1232 mutum
1657 1144 1806 1234 cervix
1831 1146 1925 1232 lon·
2023 1200 2027 1228 .

226 1291 548 1412 gitudinnliter,
578 1313 624 1378 et
647 1289 862 1378 interdum
892 1289 1005 1378 dorsi
1033 1291 1207 1382 initium
1234 1316 1279 1378 et
1298 1292 1473 1382 brachia
1501 1299 1782 1390 fulvescenti-
1797 1325 1923 1388 aureo

225 1447 371 1536 colore
398 1443 650 1534 inumbrata.
707 1447 897 1560 Rem.r'ges
931 1479 993 1532 ιο.
1021 1445 1228 1563 primores
1255 1449 1396 1554 solae,
1439 1481 1534 1540 cum
1566 1453 1824 1556 rectricibus,
1861 1449 1923 1536 ni-

229 1629 341 1717 grae,
370 1599 721 1687 secundariae
749 1631 815 1685 eo.
845 1596 969 1705 latae,
1001 1603 1248 1688 rotundatae
1264 1667 1276 1708 ,
1306 1601 1483 1691 intimae
1512 1604 1751 1722 longiores,
1776 1602 1924 1690 tectri·

227 1782 384 1872 sesque
413 1751 621 1870 aequales.
656 1753 816 1838 Pennas
843 1761 1079 1870 scapulares
1108 1754 1258 1862 minus,
1289 1786 1416 1874 quam
1443 1757 1491 1844 in
1519 1763 1572 1846 G.
1600 1756 1774 1874 vulgari,
1798 1757 1921 1842 elon·

227 1930 367 2032 gatae.
424 1906 573 1993 Gauda
601 1905 894 2022 subaequalis3
935 1917 1124 1997 rectrices
1158 1944 1216 1994 ra.
1244 1908 1518 2017 latiusculae‚
1565 1913 1712 2016 albae,
1756 1908 1924 1998 mediae

226 2097 268 2152 n.
297 2057 653 2149 subacuminatae.
708 2059 838 2146 Pedes
860 2060 1047 2176 proceri,
1076 2057 1207 2148 rubri'
1220 2061 1429 2178 unguibus
1456 2063 1628 2169 crassis,
1657 2065 1811 2152 intimo
1841 2093 1930 2146 ma-

230 2215 296 2334 gis
333 2213 525 2302 incurvo.
557 2263 606 2280 -
679 2213 875 2302 Anniculi
911 2234 1004 2304 toto
1046 2243 1222 2332 corpore
1268 2215 1529 2322 fulrescunt,
1586 2222 1729 2306 subtus
1770 2213 1930 2302 albidi:

231 2391 393 2472 rostro,
423 2363 557 2470 facie,
588 2364 880 2479 subplumosa,
910 2365 1182 2483 ‘pedibusque
1209 2365 1529 2454 virescentibus.
1556 2419 1615 2438 --
1668 2370 1833 2458 Pondus
1868 2381 1931 2454 16.

229 2545 282 2628 et
306 2523 415 2612 ultra
445 2511 660 2602 librarum·
715 2521 931 2610 llanturoe
959 2551 983 2605 a
1010 2519 1137 2610 rostri
1163 2519 1295 2638 apice·
1313 2521 1368 2606 ad
1395 2519 1580 2608 nuch'sm
1614 2526 1696 2608 10⁰.
1717 2523 1773 2611 ad
1800 2516 1933 2610 sterni

229 2675 376 2767 sinum
408 2685 459 2762 n'.
488 2667 548 2752 2⁰.
577 2667 631 2752 ad
657 2671 911 2790 uropygium
939 2676 989 2762 δ’.
1020 2676 1080 2762 δ”.
1109 2674 1179 2784 9‘''.
1211 2677 1263 2760 ad
1284 2675 1459 2796 apicem
1486 2673 1614 2791 digiti
1642 2673 1827 2762 extensis
1855 2701 1933 2790 pe·

231 2829 362 2918 dibus
390 2833 441 2916 5'.
472 2831 531 2915 δ’.
560 2824 685 2910 rostri
715 2829 769 2913 ad
797 2827 882 2914 oris
910 2827 1083 2943 angulos
1110 2834 1171 2938 7⁰.
1197 2835 1275 2913 .r'“.
1344 2835 1394 2914 In
1432 2837 1659 2918 uentriculo
1697 2827 1849 2914 selecti
1875 2823 1935 2910 la·

229 2981 335 3111 pilli
361 2975 550 3100 querzosi
577 3008 675 3066 cum
711 2979 1068 3069 comminatorum
1103 2979 1287 3099 piscium
1316 2980 1455 3070 aristis
1484 2980 1624 3068 mixti.
1693 2986 1935 3068 larentinam

233 3129 520 3254 amplitudine
557 3133 646 3218 lere
682 3131 882 3250 pollicis,
938 3131 1141 3250 apyloro
1176 3135 1230 3220 ad
1258 3165 1388 3222 coeca
1422 3132 1729 3251 semipedalia,
1776 3163 1935 3221 novem

228 3291 396 3413 pedum
423 3282 707 3401 longitudine.
778 3289 1034 3409 Ventriculus
1060 3285 1173 3373 mole
1201 3287 1274 3374 ovi
1302 3285 1500 3376 anserini.
1573 3289 1760 3375 Troclea
1787 3283 1937 3403 ampli-

228 3443 389 3532 tudine
418 3441 545 3556 digiti
571 3439 773 3546 minoris,
826 3437 1132 3560 sesquipedalis
1157 3469 1291 3555 usque
1321 3442 1375 3528 ad
1401 3439 1539 3527 sinum
1570 3440 1727 3547 sterni,
1776 3439 1936 3554 inquo

230 3595 478 3714 sigmoideo
507 3597 622 3683 llexu
648 3615 862 3699 curvatur,
892 3625 917 3679 a
943 3592 1125 3707 glottide
1154 3597 1209 3680 ad
1236 3594 1483 3712 pulmonem
1511 3587 1683 3682 circiter
1709 3591 1935 3711 bipedalis.

235 3751 387 3838 Testes
413 3747 520 3834 mari
547 3749 826 3854 lutescentes,
857 3744 1025 3834 sinister
1053 3747 1265 3870 anterior,
1293 3749 1527 3864 oblongus,
1568 3750 1718 3836 dexter
1744 3747 1859 3834 mole
1893 3766 1940 3836 et

231 3907 374 4020 figura
401 3902 581 4018 glandis.
1488 3982 1491 3988 ,
1605 3913 1610 3922 ’

329 4125 335 4136 ,
380 4057 492 4144 Not.
537 4053 679 4142 Etiam
717 4050 935 4170 Petropoli
975 4052 1121 4142 medio
1160 4051 1324 4172 Aprilis
1361 4055 1506 4174 bigam
1547 4059 1941 4169 Leucogeranomm

230 4208 573 4302 transvolantem
600 4206 694 4296 vidi
712 4227 758 4294 et
778 4205 854 4294 vix
882 4207 1045 4313 dubito,
1075 4210 1257 4294 eandem
1279 4239 1369 4296 esse
1388 4239 1524 4314 avem,
1554 4211 1693 4325 quam,
1725 4235 1802 4323 pro
1830 4201 1943 4288 eico·

233 4363 319 4460 nia
347 4363 444 4450 alba
469 4359 688 4470 habitam,
730 4359 779 4450 in
808 4363 988 4486 Japonia
1021 4357 1261 4479 bybemare
1301 4365 1345 4454 V
1348 4369 1576 4479 alentyn
1600 4382 1646 4448 et
1671 4357 1943 4475 Kaempfer

226 4515 541 4648 prodiderunt.

777 4723 1410 4768 W

1455 4968 1581 5060 ³4.
