4778 6044
1022 513 1171 567 ..ss-...¹¹2

636 729 809 868 '389.
893 745 1160 839 LARUS
1233 753 1493 842 oriculus.

387 1025 435 1102 L.
474 1020 613 1136 capite
654 1022 794 1138 nigro,
838 1046 970 1109 rostro
1011 1023 1451 1130 luscescenti-rubro,
1495 1022 1678 1141 pedibus
1706 1023 1933 1134 coccineis,

247 1171 327 1258 elis
356 1174 476 1274 albis.

467 1331 596 1413 Larus
623 1329 829 1436 minutus,
891 1333 997 1419 Poll.
1037 1336 1127 1416 itin.
1163 1331 1240 1415 ΙΙΙ.
1279 1331 1455 1446 append.
1485 1365 1525 1415 η.
1557 1345 1622 1418 35.
1650 1335 1842 1418 lotham.
1869 1365 1935 1420 co.

523 1485 594 1569 Vl.
625 1516 665 1597 p.
697 1486 1124 1596 391.Gmelin.syst.
1153 1486 1243 1566 Lm.
1273 1485 1307 1566 J.
1336 1504 1442 1598 port.
1475 1518 1513 1568 a.
1541 1517 1580 1601 p.
1614 1497 1707 1592 595.
1735 1515 1799 1600 sp.
1835 1519 1896 1568 re.

464 1639 591 1718 Larus
619 1635 916 1738 atricilloides,
956 1637 1073 1722 Fata.
1104 1645 1193 1721 itin.
1224 1639 1304 1720 Ill.
1333 1669 1374 1752 p.
1406 1647 1502 1724 355.
1533 1639 1619 1724 tob.
1650 1655 1717 1743 24.
1761 1639 1934 1724 Gmelin.

518 1809 620 1899 sy'st.
650 1793 740 1877 Lm.
768 1794 801 1874 l.
832 1802 938 1907 part.
970 1824 1008 1874 n.
1038 1821 1078 1902 p.
1108 1803 1201 1874 601.
1230 1821 1293 1903 sp.
1329 1823 1389 1896 19.

353 1937 537 2026 Ostiacis
563 1944 669 2028 Scri.
724 1941 960 2056 Samojedis
988 1944 1181 2060 Churjud.

383 2095 433 2174 ln
473 2092 713 2179 borealibus
752 2093 953 2202 Sibiriae,
1011 2095 1124 2181 circa
1168 2121 1341 2208 magnos
1380 2097 1523 2202 lacus,
1581 2095 1836 2214 fluviosque,
1880 2099 1936 2185 ad

245 2241 408 2346 Obum,
437 2243 669 2350 leniseam,
708 2245 826 2332 etin
854 2250 1021 2334 deserto
1050 2249 1276 2334 Barabensi
1306 2279 1390 2333 non
1418 2247 1686 2364 infrequens,
1717 2251 1937 2334 observata

244 2421 412 2508 quoque
441 2396 552 2484 circa
581 2399 762 2516 Volgam
791 2421 835 2486 et
847 2408 1010 2486 Tanain
1039 2399 1348 2504 australiorem,
1377 2401 1451 2486 ubi
1477 2431 1603 2516 saepe
1632 2401 1680 2486 in
1707 2401 1933 2517 paludibus

246 2546 384 2652 salsis,
427 2581 450 2634 a
492 2551 677 2636 fluminis
719 2554 840 2638 alveo
869 2551 1042 2638 remotis
1071 2551 1459 2638 circumvolitantes
1489 2552 1593 2636 vidi.
1648 2551 1819 2639 Clamor
1846 2554 1934 2638 sere

245 2700 433 2789 Sternae.
491 2711 603 2792 Raro
631 2729 771 2811 natat,
800 2709 875 2790 sed
904 2702 1119 2790 arboribus
1148 2701 1259 2788 circa
1289 2735 1414 2818 aquas
1433 2704 1512 2790 ,vel
1543 2703 1590 2789 in
1618 2703 1934 2820 squarrotanti·

243 2853 321 2937 bus
359 2857 529 2945 insidet.
586 2861 722 2946 Ouum
748 2855 1038 2973 niagnitudine
1066 2855 1355 2941 columbinum
1383 2881 1571 2973 superat,
1610 2857 1933 2973 olivaceo·pal-

245 3003 406 3116 lidum,
477 3015 652 3100 maculis
697 3011 934 3126 majusculis
975 3007 1156 3125 litaretis
1194 3006 1320 3092 fuscis
1361 3029 1408 3093 et
1447 3010 1783 3124 nigrescentibus
1822 3008 1935 3096 circe

242 3159 501 3251 obtusiorenr
531 3165 734 3254 verticem
760 3163 910 3283 sparsis
939 3185 984 3246 et
1011 3158 1185 3246 minutis
1213 3189 1355 3246 versus
1383 3159 1590 3246 minorem
1620 3161 1810 3248 rariums
1860 3160 1935 3247 axi

250 3315 306 3400 1⁰.
335 3317 420 3418 δί’.
450 3317 655 3406 diametro
691 3319 745 3402 r“.
782 3319 844 3406 r'“.
876 3369 925 3384 -

385 3475 554 3560 Descr.
611 3472 862 3588 Magnitudo
902 3459 1037 3557 Turdi
1077 3469 1301 3574 riscirori,
1346 3471 1535 3583 adeoque
1573 3465 1751 3553 minime
1783 3466 1831 3553 in
1858 3497 1934 3558 suo

245 3653 410 3740 genere,
440 3655 618 3741 cumque
645 3624 844 3712 Atticille
873 3623 1023 3710 habitu
1052 3622 1209 3708 Sternis
1240 3620 1477 3708 assimilior.
1536 3625 1727 3708 Rostrum
1754 3623 1930 3708 obscure

243 3781 588 3865 fusco-rubrum.
643 3779 773 3864 Irides
800 3777 1147 3862 coerulescentes.
1204 3767 1366 3860 Lunula
1394 3777 1470 3858 sub
1499 3773 1634 3859 oculis
1662 3775 1772 3860 albe.
1828 3777 1935 3862 Cae·

242 3953 381 4017 terum
410 3954 559 4050 caput,
588 3963 684 4017 cum
710 3927 837 4015 initio
866 3926 969 4014 colli
997 3925 1182 4040 nigrum,
1224 3923 1343 4008 utin
1373 3929 1417 4006 L.
1449 3921 1646 4008 atricille.
1709 3927 1934 4014 Caeterum

244 4084 420 4200 nigredo
449 4084 575 4170 nulla.
634 4087 792 4198 Corpus
820 4082 1059 4185 candidum,
1090 4081 1214 4164 dorso
1244 4077 1404 4192 alisque
1433 4065 1732 4192 leucophaeis3
1760 4088 1934 4192 remiges

243 4237 375 4328 etiam
401 4235 626 4354 primariae
655 4267 800 4322 omnes
827 4235 1094 4338 concolores,
1147 4227 1460 4346 leucophaeae,
1501 4227 1679 4314 interius
1699 4233 1933 4317 sublusces·

244 4421 415 4500 centes,
473 4389 593 4508 apice
634 4391 766 4476 albae.
843 4389 964 4474 Pedes
1003 4367 1149 4503 pulcr'e
1188 4380 1481 4482 cinnabarini,
1540 4384 1746 4497 unguibus
1786 4383 1930 4499 nigris.

244 4551 410 4637 Pondus
436 4567 473 4655 4.
503 4545 721 4632 unciarum
750 4545 820 4628 vel
848 4543 995 4627 minus.
1060 4543 1253 4626 Mensura
1282 4537 1335 4620 ed
1362 4533 1614 4652 uropygium
1643 4540 1704 4646 7⁰.
1734 4565 1934 4654 expansa·

243 4735 338 4789 rum
369 4703 528 4788 elerum
556 4699 783 4814 bipedale,
834 4693 958 4781 rostri
986 4696 1039 4779 ad
1069 4690 1241 4806 angulos
1268 4687 1352 4774 oris
1389 4689 1441 4772 r'‘.
1472 4697 1542 4774 3'“.
1572 4688 1630 4774 ad·
1655 4690 1836 4774 frontem
1865 4693 1933 4798 9‘''.

243 4860 370 4943 ulnae
415 4857 574 4940 alarum
613 4854 790 4940 caudam
838 4847 1138 4936 excedentium
1178 4845 1242 4960 7“.
1288 4843 1383 4929 ro‘'‘.
1424 4838 1628 4928 tibiarum
1672 4841 1766 4926 rr'''.
1807 4839 1935 4958 digiti

243 5007 388 5099 medii·
412 5009 465 5099 r‘'.
492 5003 647 5128 postici
676 5003 764 5110 alm.

1474 5159 1495 5200 Ι
