4650 6064
960 397 1106 450 ==
1241 339 1247 346 ⁰
1776 401 1861 486 315

157 592 374 676 Mensura
401 589 490 676 avis
520 623 543 675 a
571 617 734 674 summo
762 613 895 678 rostro
923 595 975 680 ad
1016 619 1193 713 uropyg.
1230 595 1312 688 ul.
1345 609 1416 686 am.
1443 591 1571 692 'rostri
1600 607 1652 690 ad
1682 603 1861 692 frontem

166 744 232 825 1‘'.
272 755 361 849 δῖ’.
390 743 442 826 ad
469 741 623 826 rictum
658 742 710 827 1''.
742 743 813 852 7'''.
845 745 1086 830 tubulorum
1115 747 1330 854 nariumt
1365 755 1419 836 ad
1447 751 1518 838 5‘'‘.
1548 755 1672 838 ulnae
1701 757 1861 841 alarum

167 897 264 977 ιο”.
296 895 365 999 4”’.
394 895 551 978 caudae
580 894 640 978 3''.
670 892 740 981 s'“.
771 894 903 979 tibiae
951 898 1005 990 1⁰.
1055 909 1165 1000 roem.
1204 899 1328 1014 digiti
1361 902 1493 986 medii
1522 909 1578 1012 (e.
1609 937 1648 990 u.
1681 908 1768 1015 5'‘'.)
1799 917 1859 994 2⁰.

158 1053 265 1149 41”’.
304 1045 469 1132 externi
499 1051 554 1154 (c.
581 1076 624 1132 u-
653 1049 744 1160 3“'.)
775 1045 831 1128 an.
861 1046 930 1133 5'“.
970 1045 1191 1137 interioris
1224 1056 1282 1162 (c.
1311 1084 1352 1138 u.
1381 1057 1470 1164 tm.)
1512 1060 1570 1140 u‘'.
1607 1055 1699 1140 11⁰2
1728 1059 1862 1174 posti*

159 1225 273 1283 eum
301 1202 438 1288 calcar
470 1199 552 1290 13⁰¹.

427 1453 542 1556 375.
624 1397 1607 1564 puocu'utunruorrentans

313 1662 359 1743 Ρ.
387 1665 520 1746 cauda
549 1661 729 1758 furcata,
759 1675 849 1740 tota
880 1687 1005 1762 cana,
1035 1657 1113 1742 alis
1141 1661 1284 1768 fuscis,
1316 1661 1445 1748 crisso
1475 1666 1585 1752 albo.

391 1811 645 1898 Procellaria
686 1813 844 1893 fuscata
897 1812 1019 1894 Penn.
1062 1818 1177 1899 Zool.
1219 1836 1319 1900 oret.
1364 1820 1418 1898 Π.
1461 1849 1502 1932 p.
1545 1829 1637 1904 535.
1682 1850 1722 1905 n.
1761 1835 1866 1927 463.

208 1957 213 1966 “
304 2026 310 2038 .
447 1966 637 2050 Lathum.
677 1994 745 2048 oo.
786 1963 860 2046 VI.
888 1965 923 2047 1.
952 1995 994 2078 p.
1024 1980 1119 2069 410.
1148 1999 1188 2050 n.
1224 1983 1285 2054 16.
1323 1965 1456 2054 Gnaei.
1494 1987 1600 2080 syst.
1634 1973 1724 2058 Lin.
1752 1978 1786 2060 Ι.
1816 2008 1857 2090 p.

367 2127 373 2137 ’
453 2151 491 2202 n.
522 2153 562 2233 p.
594 2132 687 2205 561.

281 2265 425 2352 Rossis
453 2269 608 2353 eodem
636 2299 733 2355 cum
760 2264 954 2381 sequenti
981 2266 1153 2352 nomine
1180 2273 1310 2390 Knjdr
1338 2267 1408 2355 'vel
1436 2275 1705 2376 Kotscbnrlso.

306 2423 476 2506 Novam
516 2421 678 2508 hancce
706 2418 929 2536 speciem,
972 2421 1194 2508 Stellero
1238 2453 1322 2508 non
1358 2425 1640 2531 observatam,
1680 2426 1856 2539 ultimae

159 2595 243 2682 per
271 2567 521 2658 orientalem
547 2576 764 2660 Oceanum
792 2569 1054 2685 navigationi
1082 2575 1305 2676 debemus,
1350 2601 1496 2686 quam,
1527 2575 1728 2692 impensis
1756 2611 1854 2668 vere

160 2719 309 2832 regiiS,
334 2725 441 2810 duce
454 2729 724 2840 JosepboBr
732 2732 890 2836 linge,
920 2723 1141 2835 fierijussit
1167 2728 1484 2810 immortalis
1508 2728 1853 2820 CATHARINA

160 2876 220 2954 11.
280 2875 463 2960 Plurima
492 2874 615 2990 hujus
644 2876 732 2963 avis
761 2874 976 3006 exempla,
1030 2876 1142 2959 circa
1176 2874 1331 2960 insulas
1360 2874 1522 2962 Curilas
1561 2878 1781 2968 ulteriores
1810 2908 1854 2970 et

161 3023 279 3111 circa
306 3027 620 3114 Unalaschlram
647 3031 758 3114 lecta
786 3026 934 3112 retulit
960 3046 1014 3110 ex
1042 2995 1160 3111 illo
1148 3026 1300 3114 ninere
1329 3030 1386 3112 D.
1415 3030 1472 3112 D.
1499 3033 1550 3112 M
1556 3036 1690 3118 ercle
1759 3036 1853 3122 Ova

161 3175 211 3262 in
251 3179 485 3295 praeruptis
523 3182 787 3297 scopulorum
830 3200 972 3295 pontt,
1015 3177 1139 3262 rimas
1179 3179 1425 3294 praesertim
1464 3211 1687 3339 quaerens,
1741 3187 1849 3295 alba,

161 3331 332 3416 sordida
343 3393 358 3431 ,
387 3331 546 3437 oralia,
574 3330 838 3417 Columbinis
867 3333 967 3415 fere
983 3330 1186 3444 aequalia.

302 3485 483 3572 Descr.
511 3485 760 3598 Magnitudo
788 3481 913 3566 Lanii
943 3481 1201 3568 excubitoris
1230 3513 1262 3567 s
1293 3485 1470 3572 Procell.
1505 3485 1697 3602 pelagica
1724 3493 1851 3606 paulo

161 3642 316 3750 major,
359 3635 430 3722 cui
471 3633 684 3722 caeterum
726 3635 966 3750 persimilis,
1036 3638 1228 3722 Rostrum
1273 3634 1436 3742 simile,
1482 3637 1669 3752 nigrum,
1713 3643 1851 3731 minus

162 3790 392 3894 sulcatum,
439 3793 587 3876 tubulo
628 3775 792 3874 narium
821 3789 875 3873 ad
916 3790 1099 3871 frontem
1141 3787 1424 3898 depressiore,
1471 3789 1517 3870 in
1546 3791 1690 3875 medio
1719 3818 1851 3881 rostro

162 3941 426 4055 prominulo,
466 3942 736 4058 biperlorato.
795 3941 954 4051 Corpus
980 3957 1116 4021 totum
1145 3936 1455 4020 coerulescenti
1481 3968 1659 4023 canum:
1706 3947 1859 4030 Litora·

165 4089 280 4176 circa
306 4095 451 4182 oeulos
467 4093 743 4208 nigrescens}
780 4096 884 4203 gula
913 4089 1175 4186 albescens3.
1208 4096 1379 4204 eristum
1407 4119 1502 4174 cum
1529 4091 1852 4182 subcandalibus

164 4242 333 4347 album3
389 4249 462 4332 sed
490 4244 744 4360 uropygium
772 4245 895 4330 dorso
937 4243 1147 4328 concolor.
1221 4241 1328 4326 Aloe
1356 4241 1446 4326 basi
1475 4241 1604 4327 etiam
1634 4247 1777 4333 subtus
1805 4272 1849 4335 et

163 4395 393 4510 remigibus
421 4396 631 4514 primariis
660 4393 1091 4509 lusco-nigricantem
1121 4391 1391 4478 secundariae
1422 4418 1706 4495 canescentes,
1735 4398 1859 4484 dorsi:

164 4546 252 4632 lere
280 4551 446 4656 colore,
490 4549 682 4636 iutimae'
696 4545 884 4660 margine
913 4545 1053 4638 albae..-
1106 4546 1268 4631 'Cnudo
1294 4548 1473 4647 furcata,
1516 4572 1563 4632 ut
1588 4549 1634 4632 in
1662 4555 1707 4632 P.
1734 4552 1849 4666 pela-

165 4698 280 4812 gica,
312 4701 389 4790 alis
418 4701 663 4819 compositis
691 4701 818 4818 paulo
846 4699 1038 4813 longior:
1067 4706 1430 4816 recurrendum,
1468 4709 1623 4786 extima
1655 4697 1849 4815 utrinque

160 4850 350 4969 margine
377 4879 555 4950 externo
594 4856 715 4970 ²1.le
732 4969 740 4976 ι
758 4854 1018 4951 interaudiae
1055 4849 1414 4966 subemarginatae
1441 4850 1673 4964 cordatim,
1724 4854 1844 4970 quod

1376 5015 1398 5060 t
