4778 6044
1013 469 1159 514 m
1851 470 1938 554 305

343 693 459 797 367.
533 687 1302 790 PHALACROCORAX
1374 701 1848 824 perspicillatna

376 977 421 1054 P.
453 991 561 1070 ater,
604 965 713 1054 facie
741 969 851 1052 nuda
880 970 1005 1054 rubro
1032 967 1419 1084 coerulescentique
1450 973 1588 1078 varia,
1609 973 1789 1066 'circulo
1822 998 1934 1060 euta-

234 1152 315 1212 eeo
341 1093 486 1222 oculos
514 1122 727 1208 ambiente
749 1122 866 1206 albo.

453 1284 613 1362 Corvus
654 1272 870 1388 aquaticus
912 1273 1143 1378 maximus,
1200 1273 1360 1360 circulo
1403 1297 1578 1363 cutaceo
1626 1278 1715 1364 lato
1744 1277 1928 1366 candido

511 1426 623 1513 circa
650 1427 814 1529 oculos,
844 1424 1032 1530 cirratus,
1059 1430 1215 1512 Steller.
1245 1427 1334 1512 obs.
1362 1431 1450 1512 MS.

424 1580 671 1670 lRedfaced
713 1579 963 1682 Corvorant,
1020 1581 1215 1664 Pennant.
1257 1579 1377 1668 Zool.
1423 1604 1524 1669 aret.
1565 1587 1622 1668 Π.
1665 1619 1707 1703 p.
1751 1598 1847 1693 sot.
1876 1591 1924 1674 O.

504 1737 694 1818 Latham.
721 1763 788 1818 ov.
818 1735 890 1816 VI.
921 1763 962 1845 p.
993 1745 1086 1816 601.
1116 1765 1152 1816 n.
1190 1767 1250 1842 ¹7·

422 1887 678 1976 tPelecanus
700 1885 852 1989 Utile,
896 1888 1025 1971 Gmel.
1056 1905 1160 1998 syst.
1191 1890 1281 1970 Lin.
1311 1890 1365 1971 ΙΙ.
1397 1923 1436 2003 p.
1468 1903 1563 1999 575.
1593 1921 1655 2006 sp.
1673 1905 1755 1980 aa.

369 2045 488 2127 Hanc
532 2037 718 2155 speciem
759 2040 1007 2124 Stellarus
1047 2067 1250 2151 nusquam
1290 2037 1371 2124 nisi
1417 2039 1463 2124 in
1508 2041 1701 2156 Beringii
1742 2043 1923 2132 infausta

228 2187 386 2296 insula,
444 2191 518 2277 ubi
558 2192 778 2304 naufragus
819 2189 950 2290 vixit,
1007 2192 1312 2278 observaverat.
1386 2193 1680 2308 Copiosissimi
1716 2196 1780 2282 ibi
1811 2221 1921 2300 sunt,

227 2373 440 2458 nunquam
469 2366 612 2428 tamen
641 2341 961 2430 Camtsehatcae
990 2340 1133 2429 littora
1163 2347 1332 2431 adeunt.
1389 2347 1465 2432 Uti
1497 2347 1811 2460 magnitudine,
1856 2351 1917 2436 ita

228 2517 273 2578 et
300 2495 533 2581 stoliditate
574 2525 831 2610 congeneres
871 2517 1096 2612 superant,
1153 2527 1366 2612 quumque
1410 2528 1534 2584 came
1572 2529 1645 2582 sua
1680 2521 1764 2584 tres
1792 2501 1918 2587 facile

225 2646 444 2734 famelicos
469 2679 553 2733 una
579 2647 782 2764 impleat,
817 2679 970 2764 magno
997 2647 1206 2762 naufragis
1233 2648 1384 2735 solatio
1414 2653 1543 2735 fuere.
1602 2652 1670 2737 Ob
1699 2655 1919 2738 oculorum

224 2797 405 2886 circulos
446 2801 565 2916 quasi
600 2799 845 2918 perspicilla
886 2803 1115 2886 reserentes
1157 2822 1201 2884 et
1228 2804 1284 2885 ob
1322 2799 1475 2905 miras,
1513 2805 1617 2893 ¹lere
1645 2801 1915 2890 histrionicas

224 2951 329 3038 colli
357 2977 401 3040 et
425 2953 578 3070 capitis
604 2953 883 3057 intorsiones,
926 2950 1105 3038 ridicula
1133 2955 1361 3040 admodum
1389 2953 1490 3039 avis.
1560 2953 1750 3041 Moribus
1778 2980 1916 3043 caete·

223 3135 317 3192 rum
350 3135 648 3220 congerierum.

359 3262 532 3346 Descr.
573 3260 852 3374 „Magnitudo
890 3259 1064 3346 Anseris
1105 3257 1297 3347 maximi.
1371 3261 1522 3348 Formo
1549 3262 1908 3379 praecedentium,

221 3442 356 3528 „quos
394 3412 524 3498 etiam
565 3416 730 3500 macula
771 3409 1193 3536 hypochondriorum
1234 3417 1327 3501 alba
1367 3417 1509 3504 refert.
1582 3417 1742 3534 Corpus
1768 3436 1909 3500 totum

220 3563 508 3670 „stertimum
565 3569 735 3652 Plumae
762 3596 895 3669 rarae,
927 3567 1153 3673 candidae,
1184 3566 1470 3682 longiusculae
1496 3590 1541 3652 et
1569 3593 1766 3684 angustae
1795 3567 1910 3654 circa

222 3717 410 3827 „collum
438 3720 748 3836 dependentes,
779 3742 826 3803 ut
853 3719 898 3802 in
926 3717 1094 3804 Ardeis.
1153 3723 1337 3837 Occiput
1365 3726 1497 3807 cirrho
1525 3719 1709 3834 ingenti,
1742 3719 1907 3834 arriguo

219 3869 477 3980 „cristatum
548 3869 673 3958 Circa
712 3867 832 3954 basin
872 3868 999 3953 rostri
1040 3879 1145 3954 cutis
1173 3873 1310 3974 nuda,
1355 3871 1630 3957 cinnabarino
1643 3932 1656 3970 ,
1697 3870 1906 3972 caeruleo,

219 4025 433 4140 „alboque
461 4022 590 4129 varia,
632 4045 679 4108 ut
705 4021 752 4106 in
783 4021 1088 4137 Gallopavone.
1148 4021 1273 4107 Circa
1302 4022 1446 4152 oeulos
1472 4022 1590 4106 velut
1615 4021 1908 4137 perspicillum

218 4205 275 4281 „e
303 4199 399 4262 cute
428 4178 623 4277 candida,
650 4207 797 4279 crassa,
828 4177 881 4260 ad
910 4191 934 4261 6
962 4172 1038 4258 lin.
1067 4176 1165 4258 lata.
1223 4174 1388 4260 Pondus
1423 4207 1484 4259 ια.
1513 4175 1565 4258 ad
1599 4192 1661 4279 14.
1690 4171 1904 4260 librarum.

219 4331 444 4436 „Foemina
470 4330 634 4434 minor,
676 4329 802 4414 crista
830 4326 1158 4444 perspicilloque
1188 4326 1449 4434 destistuta.„
1479 4332 1678 4415 stenar.

419 4493 536 4590 aas.
617 4457 1390 4582 enneacaoeo‘anx
1462 4491 1707 4582 atatem.

357 4641 403 4724 P.
434 4635 789 4741 albo-cinereus,
818 4658 964 4720 ventre
993 4637 1266 4737 flavescente,
1296 4637 1451 4721 Steller.
1482 4635 1565 4722 obs.
1593 4637 1682 4719 MS.

355 4798 506 4899 „Hanc
534 4821 683 4896 avem„
712 4811 807 4876 sunt
835 4791 1045 4875 Stelleri
1072 4790 1226 4888 verba,
1256 4785 1500 4893 „multoties
1528 4784 1574 4870 in
1601 4785 1701 4902 pilis
1729 4779 1904 4868 marinis

214 4931 331 5036 eirca
358 4943 548 5064 Beringii
574 4944 754 5032 insulam
782 4941 886 5054 vidi,
917 4975 966 5032 ac
993 4941 1229 5033 comminus
1258 4941 1433 5026 solerter
1461 4939 1768 5058 contemplatus
1795 4965 1899 5022 sum.

1407 5105 1462 5204 ³9
