4734 6070
1009 445 1157 502 ΕΞ
1832 393 1919 544 ir7

402 667 406 676 '
444 651 611 748 Ardea,
638 644 745 734 Zool
773 645 865 734 bru.
895 677 936 762 p.
985 659 1093 733 116.'
1118 648 1204 736 tob.
1245 651 1327 735 Α.·
1358 653 1574 744 D’oubent.
1605 663 1701 774 pict.
1747 680 1779 747 t.
1820 675 1915 778 787.

497 802 650 918 junior.

441 959 596 1044 Ardea
612 959 769 1066 major,
809 955 899 1040 Lin.
928 973 1038 1068 syst.
1077 956 1217 1042 XXII.
1246 943 1281 1042 l.
1310 987 1353 1076 p.
1380 972 1474 1048 236.
1502 990 1565 1076 sp.
1614 998 1676 1051 ιη.
1718 995 1814 1052 cum
1850 997 1916 1086 gy.

501 1109 712 1228 nonymis.

332 1265 505 1352 Rossice
538 1269 773 1382 Tscheprlro
801 1263 872 1346 vel
899 1211 1078 1380 Zopljor
1106 1260 1349 1350 Malorossis
1376 1267 1570 1356 Buschlo.

330 1419 494 1505 Tataris
521 1421 657 1506 Koul·
647 1419 797 1534 -Kojb3
824 1421 964 1500 Tauro
990 1413 1155 1500 Tataris
1183 1418 1325 1502 Ardea
1359 1421 1594 1534 generatim
1628 1375 1762 1512 Gilcin
1752 1425 1914 1540 oyem.

391 1577 441 1656 In
469 1569 625 1657 Sibiria
653 1571 862 1684 Tschop'o.

330 1723 523 1810 Votiacis
551 1726 777 1840 Gurpuba3
804 1717 984 1835 Vogulis
1018 1715 1291 1808 Sosrensibus
1317 1701 1456 1814 Kollo·
1458 1746 1566 1814 taru-
1633 1731 1818 1818 Ostiacis
1861 1731 1916 1816 ad

390 1881 554 1994 Narym
581 1877 770 1962 Kaunolc.

332 2027 570 2118 Culmuocis
596 2031 733 2114 Kulru·
737 2029 914 2128 chutbn3
941 2025 1155 2144 Mongolis
1183 2029 1519 2134 liubit-Dekelei3
1559 2035 1750 2124 Burbetis
1776 2039 1914 2126 Kulsu·

390 2183 560 2299 Gilling.

329 2335 538 2451 Tungusis
576 2334 706 2422 Uter.

355 2495 434 2576 Per
460 2488 698 2574 universam
734 2483 929 2574 Rossiam
972 2511 1017 2574 et
1045 2483 1245 2576 Sibiriam
1290 2491 1471 2608 vulgaris
1514 2491 1627 2600 avis,
1667 2471 1922 2610 ubieunque¹

210 2646 381 2764 piscosa
408 2665 553 2765 stagna
580 2663 624 2726 et
651 2641 791 2744 lacus,
832 2641 902 2726 vel
941 2642 1190 2730 arundineta
1217 2641 1346 2730 'circe
1389 2642 1562 2730 fiumina
1603 2668 1647 2732 et
1674 2644 1801 2732 rivos.
1858 2652 1909 2732 In

215 2797 435 2884 arboribus
462 2794 707 2880 nidulantur
734 2815 779 2878 et
804 2794 1080 2910 plerumque,
1125 2795 1200 2880 ubi
1241 2797 1439 2882 Pelecani
1482 2798 1721 2902 abundant,
1763 2791 1925 2912 eorum'
2018 2769 2025 2782 ⁸

211 2949 354 3054 nidis,
403 2977 497 3032 suos
540 2941 859 3046 intermiscent,
900 2945 1167 3059 evirgultis·
1190 2970 1359 3052 textos,
1401 2950 1611 3067 foenoque
1655 2952 1726 3036 vel
1752 2949 1909 3068 plumis

212 3125 380 3188 stratos.
437 3099 561 3188 Circa
589 3097 831 3184 Schaksoha
860 3103 980 3182 Noor
1006 3095 1191 3212 regionis
1218 3089 1600 3186 trans-baicalensis
1612 3162 1627 3203 ,
1653 3102 1765 3188 inter
1793 3104 1911 3188 Pele·

212 3285 370 3353 canos,
399 3251 584 3340 maxime
614 3281 854 3338 numerosas
881 3248 987 3338 vidi.
1042 3251 1138 3338 Ova
1164 3275 1392 3367 quaterna,
1434 3253 1680 3368 gallinaceis
1715 3257 1913 3373 subpara-

211 3375 465 3522 iteruginose
494 3405 661 3492 viridia.
717 3403 934 3490 Piscantur
960 3405 1007 3490 in
1035 3433 1141 3520 aqua
1169 3416 1347 3504 stantes,
1375 3427 1420 3490 et
1446 3404 1647 3493 videntur
1664 3411 1734 3496 vel
1760 3408 1908 3515 forma,

212 3559 290 3646 vel
318 3558 500 3644 effluviis
528 3561 712 3676 pedum,
743 3585 841 3644 vere
869 3555 1006 3672 pisces
1035 3557 1244 3644 allicere'
1276 3559 1430 3644 Pinnae
1464 3560 1549 3647 duo
1578 3559 1784 3667 lineares,
1824 3563 1908 3648 ele·

213 3709 489 3826 gantissimae
516 3711 563 3797 in
592 3709 739 3815 crista,
770 3731 934 3796 tantum
961 3739 1087 3814 vere,
1117 3711 1286 3824 quando
1314 3739 1370 3796 ex
1402 3735 1540 3800 austro
1568 3716 1823 3814 adventant,
1859 3713 1907 3802 in

204 3865 267 3953 iis
294 3867 568 3950 observantur
595 3863 846 3980 quibusdum
876 3857 1130 3948 accessoriae
1166 3864 1252 3948 duo
1291 3865 1419 3980 paulo
1459 3864 1687 3960 breviores.
1752 3843 1907 3979 Eupro·

209 4039 314 4136 pter
339 4039 441 4102 tunc
470 4047 494 4100 a
524 4016 720 4119 Cosaccis
749 4039 793 4102 et
820 4012 1087 4102 venatoribus
1113 4012 1287 4117 nostris,
1331 4016 1456 4103 avide
1482 3997 1812 4139 persequuntur,
1850 4017 1906 4102 ob

204 4169 363 4256 harum
388 4167 611 4284 pinnarum
640 4167 849 4285 pretium,
892 4197 993 4283 quas
1031 4197 1108 4286 pro
1148 4190 1396 4254 ornamento
1436 4167 1589 4285 capitis
1624 4153 1906 4254 foeminarum

202 4308 452 4422 nobilium,
480 4349 605 4437 saepe
631 4319 773 4436 pretio
801 4317 1008 4441 Rublonia
1038 4297 1245 4433 singulas,
1285 4335 1486 4408 coemunt
1510 4318 1679 4407 curiosi.
1748 4303 1941 4436 Requi?
1987 4417 2002 4426 .

203 4457 360 4562 rimtur
387 4497 527 4559 autem
555 4493 644 4592 pro'
658 4471 737 4558 tali
765 4444 1011 4558 ornamento
1050 4472 1103 4556 ad
1142 4470 1367 4558 minimum
1395 4459 1566 4560 ceritum
1605 4471 1765 4593 pinnae
1777 4533 1791 4573 ,
1829 4499 1904 4560 seu

200 4627 386 4730 Ardeae,
406 4625 725 4742 quinquaginta.
779 4625 941 4714 Multae
969 4623 1100 4712 etiam
1141 4621 1449 4738 conquiruntur
1476 4625 1717 4712 circulatus
1745 4610 1918 4736 deserti]

206 4775 395 4865 Cumani
424 4799 469 4866 et
496 4775 870 4884 Astrochanensis,
901 4778 954 4863 ab
980 4769 1136 4862 Ardeis
1163 4804 1261 4862 rere
1290 4775 1565 4892 deperditae,
1604 4775 1680 4862 sed
1711 4803 1791 4862 eae
1816 4801 1902 4862 non

201 4931 317 5018 adeo
358 4927 550 5034 nitidae,
590 4959 671 5018 nee
697 4959 851 5047 purae,
893 4961 1020 5050 quam
1060 4957 1167 5050 quae
1215 4927 1277 5015 e!
1312 4925 1459 5014 avibus
1498 4925 1651 5016 occisis
1688 4948 1902 5043 petuntur.
