4778 6044
986 505 1134 558 Ε
1810 507 1903 598 329

204 709 351 826 quinta
392 730 556 795 tantum
597 706 719 825 apice
763 703 896 821 nigra.
978 705 1127 793 Gauda
1167 709 1403 796 subiurcata
1415 745 1431 810 ‚-
1496 706 1695 799 rectrices
1735 711 1904 802 mediae

204 887 320 950 totae
349 864 489 966 albae,
547 860 781 964 breviores,
841 856 1032 971 reliquae
1060 857 1181 976 apice
1211 861 1376 976 nigrae,
1434 863 1715 952 exterioribus
1743 866 1901 954 sensim

207 1016 346 1102 minus
375 1014 606 1130 nigredinis
634 1012 952 1100 exhibentibus.
1021 1013 1151 1098 Pedes
1176 1013 1297 1099 flavi:
1355 1015 1511 1131 postici
1538 1015 1666 1134 digiti
1691 1017 1904 1108 rudimen·

212 1193 304 1256 tum
332 1167 554 1254 minimum
584 1165 675 1252 sine
705 1196 856 1282 ungue.
912 1167 1053 1253 Pullos
1080 1193 1165 1250 non
1194 1167 1430 1255 observavi.

178 1343 195 1384 b

690 1421 806 1526 387.
882 1353 1152 1508 Lautus
1224 1413 1421 1512 Gavio.

342 1631 393 1714 L.
423 1625 771 1742 subtridactylus,
817 1625 953 1732 albus,
998 1625 1123 1714 dorso
1151 1655 1278 1730 cano,
1321 1625 1442 1746 apice
1471 1627 1633 1718 alarum
1658 1633 1903 1724 rectricum·

211 1813 293 1902 que
322 1804 434 1868 atris.

431 1936 611 2039 Tarrok,
642 1935 765 2022 Pena.
792 1931 912 2020 Zool.
940 1933 1034 2020 brit.
1052 1935 1108 2020 Π.
1138 1967 1177 2022 n.
1201 1949 1295 2024 251.
1324 1935 1442 2024 Zool.
1472 1940 1652 2052 orctaII.
1677 1973 1717 2055 p.
1735 1943 1903 2030 533.D.

426 2088 560 2176 Gavia
587 2086 755 2174 cinerea
784 2085 959 2193 naevia,
989 2089 1171 2177 Brisson.
1199 2123 1285 2177 orn.
1313 2092 1386 2176 VI.
1415 2121 1456 2206 p.
1494 2102 1584 2180 185.
1610 2092 1698 2180 tob.
1732 2095 1901 2210 17.fig.

486 2277 524 2328 a.
554 2271 651 2328 cunr
679 2237 939 2354 synonymis.

425 2405 552 2482 Larus
581 2394 832 2496 maculatus,
864 2395 1081 2480 Brunntch.
1112 2423 1198 2481 orn.
1229 2397 1314 2482 bor.
1344 2427 1386 2512 p.
1414 2412 1484 2502 44.
1511 2427 1558 2481 n..
1590 2412 1680 2504 146.

350 2551 475 2642 Circa
504 2576 618 2634 mare
660 2541 896 2633 balthicum
938 2568 983 2631 et
1026 2547 1169 2634 album
1209 2547 1423 2663 vulgaris3
1478 2547 1525 2640 in
1554 2549 1710 2668 Caspio
1737 2552 1834 2639 lacu
1860 2572 1906 2640 et

206 2735 282 2826 per
310 2704 510 2792 Sibiriam
536 2699 647 2788 mihi
672 2729 885 2814 nunquam
913 2697 1040 2785 visus.
1097 2699 1503 2816 Frenquentissimus
1530 2702 1577 2789 in
1604 2703 1710 2789 mari
1731 2709 1903 2792 Germa·

206 2859 305 2948 nico
332 2883 377 2946 et
405 2855 594 2972 Belgico.
651 2852 993 2969 Tempestatibus
1015 2854 1248 2941 furentibus
1267 2876 1420 2970 etpost
1446 2877 1663 2942 ventosam
1691 2855 1904 2973 epocham

209 3015 263 3104 ad
290 3011 435 3100 littora
463 3006 733 3124 confugiunt,
776 3003 851 3090 ubi
891 3003 1129 3094 cornicibus
1169 3007 1382 3094 immistae
1415 3007 1652 3094 discurrunt
1689 3009 1901 3127 marisque

209 3187 482 3284 purgamenta
510 3163 671 3276 legunt.
739 3161 807 3244 Ad
844 3157 975 3244 instar
1003 3187 1287 3276 congerierum
1315 3159 1505 3246 omnium
1534 3159 1671 3280 longis
1699 3159 1777 3246 alis
1803 3193 1902 3252 con·

208 3341 274 3408 tm
301 3340 449 3404 ventos
478 3314 765 3417 contendunt,
797 3341 933 3427 neque
960 3311 1045 3398 nisi
1070 3312 1339 3400 transversim
1369 3335 1439 3400 aut
1466 3313 1640 3428 oblique
1669 3317 1902 3400 secundum

210 3494 385 3594 rentum
426 3470 608 3556 avolant.
680 3467 931 3552 Evolaturae
975 3487 1251 3583 procurrunt;
1306 3469 1415 3553 bene
1454 3487 1602 3552 natant
1637 3489 1681 3551 et
1713 3495 1769 3552 cx
1796 3497 1905 3582 aque

209 3623 299 3710 levi
330 3622 422 3709 nisu
451 3623 686 3708 subvolant.
755 3621 796 3706 V
793 3651 850 3706 ox
878 3620 965 3705 lere
997 3617 1149 3707 similis
1177 3620 1371 3729 Vanelli,
1426 3617 1620 3740 pipicus,
1678 3622 1903 3708 Martensio

213 3779 335 3898 Kutjc
349 3780 481 3891 -5hef
501 3774 652 3860 dictus.

348 3933 519 4018 Descr.
578 3925 830 4042 Magnitudo
870 3955 992 4040 supra
1034 3923 1315 4028 Columbam3
1370 3943 1483 4010 totus
1513 3926 1645 4012 albus.
1709 3925 1904 4012 Rostrum

215 4081 401 4200 nigrum,
430 4113 503 4170 ors
525 4081 638 4166 intus
657 4081 787 4166 fulvo.
845 4083 960 4166 Vitta
974 4076 1172 4196 occipitia
1193 4099 1373 4164 etnotae
1401 4077 1579 4165 cervicis
1604 4079 1904 4196 leucophaeae.

215 4239 396 4324 Dorsum
424 4235 562 4322 antice
590 4231 924 4350 leucophaeum,
962 4231 1215 4350 quibusdam
1242 4229 1472 4346 nigricans,
1503 4229 1752 4348 humerique
1781 4261 1906 4350 supra

217 4389 474 4507 nigrescunt.
529 4392 637 4476 Aloe
664 4386 922 4504 compositae
952 4389 1130 4472 caudam
1159 4406 1352 4502 aequant.
1410 4385 1601 4500 Remiges
1621 4421 1687 4496 29.
1717 4380 1904 4472 extimae

213 4543 383 4658 nigrae,
411 4541 639 4630 introrsum
669 4539 815 4644 albae;
857 4573 881 4626 a
909 4563 1057 4658 quarta
1085 4539 1262 4658 nigredo
1290 4535 1498 4626 decrescit
1522 4565 1653 4654 usque
1682 4543 1735 4626 ad
1762 4567 1907 4624 secum

211 4695 369 4804 darius,
402 4725 509 4816 quae
537 4699 664 4782 dorso
689 4696 945 4784 concolores.
1003 4697 1206 4782 Rectrices
1241 4692 1455 4810 aequales,
1485 4691 1630 4794 albae,
1658 4689 1779 4807 apice
1817 4705 1911 4776 toto

214 4847 358 4963 nigro,
403 4874 571 4968 praeter
598 4849 816 4936 extimam.
883 4849 1011 4936 Pedes
1047 4876 1200 4934 carneo
1216 4899 1230 4915 ·
1244 4850 1546 4948 lassescentes,
1587 4841 1720 4960 digiti
1745 4839 1902 4960 postici

218 5001 458 5092 rudimento
487 5001 681 5096 minimo.
739 5007 910 5120 Digitus
936 4999 1102 5090 medius
1131 5000 1239 5090 tibia
1267 4995 1453 5114 longior,
1482 5018 1530 5084 ut
1556 4994 1602 5082 in
1631 4995 1860 5116 plerisque.

1406 5168 1459 5258 42
