4696 6054
1805 519 1893 609 203

300 715 425 846 ³12.¹
490 739 1055 836 pantanorus
1115 729 1422 870 rasrcoztts.
1496 747 1630 843 raa.
1667 750 1810 846 arn.

346 1029 394 1118 P.
419 1015 524 1108 colli
549 1017 750 1105 lateribus
779 1016 1055 1134 ferrugineis,
1084 1047 1259 1138 corpore
1286 1023 1431 1110 aubtua
1460 1023 1571 1113 albo.

430 1180 602 1294 Trynga
629 1171 746 1256 filsea
772 1171 1046 1278 canadenaia,
1086 1173 1284 1262 ausam.
1327 1208 1394 1265 oo.
1435 1179 1514 1265 ΙΙΙ.
1549 1209 1649 1298 pag.
1687 1169 1774 1268 tab.
1808 1195 1900 1288 143.

483 1325 583 1414 icon
609 1347 756 1412 natura
783 1325 911 1442 paulo
940 1332 1085 1438 major.
1507 1427 1513 1442 .

428 1477 688 1598 Phalaropue
716 1478 931 1584 cinereus,
961 1479 1258 1570 Brittomaro.
1287 1483 1357 1570 Vr.
1386 1515 1428 1602 p.
1465 1496 1527 1574 rt.
1555 1486 1772 1582 D’aubeat.
1800 1495 1900 1604 piot.

485 1633 577 1722 aab.
599 1645 696 1745 766.
882 1695 887 1708 ·

431 1791 601 1905 Trynga
630 1782 923 1902 hyperborea,
953 1787 1041 1872 Lia.
1068 1807 1175 1901 syst.
1204 1788 1301 1874 XII.
1330 1791 1366 1878 I.
1394 1821 1441 1908 pa«
1460 1808 1561 1900 249.
1590 1823 1649 1908 sp.
1680 1827 1719 1902 9.

433 1942 528 2028 lled
558 1936 816 2054 Phalarope,
860 1942 1050 2026 batham.
1096 1971 1163 2026 aa.
1207 1941 1246 2026 V
1246 2003 1258 2027 .
1299 1950 1344 2030 in
1382 1952 1445 2031 tit.
1482 1975 1524 2060 p.
1556 1978 1649 2058 apo.
1707 1947 1902 2038 Pennana.

473 2067 606 2179 ¹Zool.
635 2111 735 2176 oret.
766 2095 821 2177 H.
852 2123 893 2208 p.
923 2109 1017 2200 494.
1049 2124 1091 2178 n.
1129 2107 1223 2200 413.

325 2245 499 2340 Rossiee
526 2246 817 2333 Plouustscber’
843 2247 969 2330 latu
997 2217 1192 2362 (Trynga
1219 2257 1411 2365 natans).

350 2409 464 2488 Vere
491 2397 537 2484 in
564 2396 671 2484 mari
700 2395 872 2515 caspio,
922 2396 1234 2514 majoribusque
1253 2460 1256 2469 ·
1274 2401 1413 2487 lluriis
1453 2425 1497 2490 et
1534 2404 1705 2496 lacubus
1748 2411 1907 2504 deserti

212 2553 472 2673 adjacentis,
511 2549 758 2672 praesertim
793 2547 951 2664 stagnis
992 2549 1265 2666 Sarpenaibua
1293 2575 1338 2640 et
1364 2555 1579 2672 Kamyscb
1597 2563 1793 2670 -Samar‚
1839 2593 1907 2652 co-

210 2711 333 2830 piose
363 2727 589 2827 apparent,
617 2701 824 2822 gregatim
853 2723 1068 2802 natantes;
1097 2709 1215 2818 Majo
1242 2710 1295 2793 ad
1321 2709 1493 2794 boream
1522 2709 1718 2828 migrant.
1774 2723 1825 2804 In
1844 2717 1908 2806 si·

213 2861 326 2952 biria
353 2863 506 2950 itidem
533 2861 648 2946 laeua
676 2853 976 2944 Barabensium
1003 2885 1246 2972 camporum
1275 2860 1557 2976 frequentant.
1637 2867 1909 2959 Prolilicatio·

213 3017 285 3106 uis
309 3011 501 3134 tenrpore
527 3042 606 3132 per
632 3006 750 3127 paria
777 3029 948 3110 natant;
987 3032 1174 3097 exeunte
1216 3035 1372 3098 aestate
1414 3040 1720 3132 congregantur
1746 3020 1909 3138 magnis

216 3197 343 3288 saepe
384 3165 579 3284 gregibus
616 3185 663 3250 et
700 3163 813 3272 inter
839 3161 1070 3248 natandum
1097 3158 1239 3280 eapite
1280 3193 1405 3282 saepe
1445 3165 1609 3254 nictant
1642 3194 1687 3256 et
1722 3173 1910 3290 pipitum

218 3321 338 3440 quasi
364 3319 577 3440 pullorum
614 3313 944 3432 gallinaceorum
987 3315 1132 3400 edunt.
1194 3317 1266 3404 Ad
1307 3321 1543 3434 Korymam
1588 3323 1763 3412 flurium
1793 3346 1836 3412 et
1863 3325 1911 3414 ia

220 3471 517 3565 Camtschatca
543 3473 818 3557 observarunt
844 3465 1011 3552 acuusa.
1056 3468 1086 3552 S
1095 3476 1248 3557 teller
1274 3492 1319 3553 et
1346 3470 1403 3556 D.
1416 3473 1473 3556 D.
1486 3475 1648 3581 Merk,
1679 3479 1735 3564 ad
1761 3478 1903 3566 Oben·

217 3654 310 3716 eem
337 3625 476 3714 tinum
502 3657 546 3741 p.
585 3655 642 3710 m.
678 3625 835 3741 Sujef.

360 3781 531 3865 Descr.
585 3773 835 3890 Magnitudo
872 3779 1067 3888 Tryngae
1106 3775 1392 3893 leucopterae.
1480 3783 1583 3865 loon
1622 3777 1911 3897 magnitudine

220 3930 403 4022 naturali
429 3933 567 4047 Caput
592 3927 711 4015 utin
738 3923 921 4043 Tryngis
948 3924 1050 4012 huic
1078 3925 1225 4045 generi
1243 3929 1491 4044 parvulum,
1515 3934 1742 4046 glandulae
1769 3957 1913 4020 tamen

215 4083 512 4204 supraeiliaras
541 4085 717 4181 adsunt,
772 4107 880 4194 quae
909 4071 1210 4195 Scolopacibus
1238 4082 1462 4169 solemnes.
1529 4087 1722 4170 Rostrum
1757 4085 1913 4170 tenuis·

224 4239 403 4340 timum,
432 4259 626 4340 acutum,
656 4233 837 4352 nigrum.
891 4235 1021 4322 trades
1047 4235 1186 4322 firscae
1214 4238 1358 4344 (non,
1385 4257 1433 4322 ut
1458 4237 1680 4324 Edwards
1706 4235 1804 4323 icon
1841 4234 1914 4322 lua·

222 4395 325 4498 bet,
354 4393 553 4506 rubrae).
610 4389 762 4476 Vertere
788 4405 834 4472 et
855 4419 989 4501 genae
1016 4388 1132 4473 lusco
1146 4437 1160 4454 ·
1176 4385 1358 4502 nigrant.
1422 4391 1530 4478 Galo
1549 4371 1603 4474 *et
1630 4391 1828 4507 palpebra
1857 4389 1915 4474 al-

226 4548 297 4635 ba.
353 4546 463 4632 Colli
491 4545 649 4641 latera,
675 4538 778 4628 iude
809 4569 833 4626 a
861 4541 1136 4660 temporibus,
1165 4563 1347 4630 saturato
1373 4540 1633 4655 l'erruginea‚
1659 4541 1706 4627 in
1735 4541 1917 4627 femellis
2088 4525 2095 4535 ¹

226 4699 371 4786 fueco‘·
386 4695 566 4812 alboque
592 4693 820 4808 variegata.
886 4695 1068 4783 Dorsum
1095 4689 1335 4808 nigricans,
1373 4694 1512 4780 lituris
1540 4693 1917 4808 longitudinalibus

226 4848 545 4939 latescentibua.
600 4849 710 4936 Alae
735 4847 904 4966 nigrae,
930 4845 1176 4934 tectrieibua
1204 4845 1325 4962 apice
1350 4845 1484 4946 albis;
1526 4850 1639 4932 unde
1677 4855 1832 4961 strigae
1860 4845 1917 4932 el-

228 5005 311 5092 bae
337 5029 416 5121 per
443 5001 553 5104 alas,·
581 4985 754 5121 remiges
781 4997 959 5110 rhabbi,
989 4997 1164 5119 basique
1194 5000 1343 5110 albae,
1370 4998 1549 5088 intimae
1577 4999 1824 5119 elongatae,
1863 4997 1921 5084 al·

1430 5173 1450 5217 Ι
