4696 6054
487 481 582 572 218
1256 493 1407 548 Ε

484 697 667 790 ,marinis
695 696 844 790 sitibus
872 699 1057 818 primum
1086 697 1358 784 adventantes
1387 697 1441 782 ad
1468 695 1564 784 illas
1585 691 1779 812 regiones
1807 693 1950 782 statim
1975 691 2055 783 iter
2080 729 2161 786 con·

494 859 688 950 tinuant,
720 853 795 941 ubi
824 885 950 972 aquas
978 852 1127 939 fluidas
1155 875 1202 938 et
1227 850 1482 969 viridantem
1517 875 1673 938 terram
1699 878 1754 936 ex
1791 848 1877 935 alto
1905 851 2164 966 speculantur,

494 1003 680 1121 indeque
708 1007 917 1128 calefacto
946 1005 1075 1097 etiam
1111 969 1346 1090 borealiore
1386 1001 1585 1110 climate,
1627 1003 1733 1088 illuc
1771 999 1928 1087 sensim
1970 1005 2166 1108 recedunt,

492 1178 538 1242 et
565 1157 733 1243 fallacia
760 1161 942 1274 quadam
954 1221 970 1259 ,
999 1161 1051 1244 ab
1080 1180 1218 1243 austro
1247 1159 1300 1242 ad
1327 1156 1662 1273 septentrionem
1691 1152 1870 1271 migrare
1885 1151 2092 1241 videntur.
2121 1161 2169 1241 Et
2306 1279 2307 1284 Ν

491 1307 597 1394 licet
625 1333 857 1416 autumno,
899 1334 996 1430 post
1023 1312 1244 1397 educatam
1273 1308 1519 1426 progeniem
1549 1331 1593 1394 et
1619 1310 1796 1395 refectas
1830 1307 2019 1424 plumas,
2058 1305 2170 1424 frige-

490 1483 634 1548 scente
652 1445 747 1578 'jam
776 1488 917 1571 arcto,
960 1463 1114 1552 iterum
1154 1491 1297 1548 versus
1336 1449 1703 1548 meridionaliores
1746 1457 1994 1545 latitudines
2031 1459 2170 1546 sensim

489 1619 730 1702 concedant
766 1616 963 1733 aliquae,
993 1641 1162 1722 tamen,
1201 1613 1336 1701 immo
1363 1615 1616 1731 pleraeque,
1659 1637 1704 1700 ct
1729 1609 1882 1699 ultimo
1909 1641 2054 1698 omnes
2068 1674 2083 1713 ,
2117 1612 2171 1696 in·

490 1789 666 1882 gruente
694 1765 877 1884 hyeme,
909 1771 1056 1875 solita,
1086 1769 1191 1857 licet
1217 1771 1345 1884 longa
1373 1767 1468 1874 via,
1497 1789 1610 1854 nans
1639 1795 1753 1852 mare
1781 1767 1975 1852 tendunt.
2004 1765 2175 1879 Aliquae

491 1946 594 2005 vero
621 1919 810 2037 species,
840 1945 888 2008 ut
914 1927 970 2008 A.
998 1895 1178 2026 nivalis,
1216 1922 1517 2040 hyperboreos,
1555 1923 1771 2023 Bernicla,
1800 1917 2083 2022 Conadensis,
2119 1945 2173 2002 re·

491 2067 640 2186 giones
668 2075 989 2191 temperatiores
1014 2077 1142 2193 plane
1172 2105 1258 2160 non
1285 2075 1465 2160 salutare
1493 2073 1657 2172 solent,
1685 2073 1761 2158 sed
1788 2077 1941 2158 eadem
1968 2067 2064 2176 via,
2103 2099 2175 2186 qus

490 2250 590 2308 vere
618 2253 674 2308 ex
700 2225 900 2314 America
927 2226 1131 2332 veniunt,
1162 2251 1363 2314 autumno
1391 2229 1543 2314 eodem
1572 2245 1863 2325 ravennatum
1904 2245 1950 2308 et
1984 2221 2067 2312 hec
2091 2223 2175 2340 qui·

492 2373 592 2462 dem
621 2377 849 2466 Americae
877 2378 939 2467 ita
966 2403 1062 2468 sunt
1090 2379 1319 2496 propriae,
1355 2399 1404 2464 ut
1441 2401 1608 2464 tantum
1633 2377 1681 2466 in
1709 2374 1908 2464 orientali
1937 2376 2094 2464 Sibiria
2119 2405 2176 2462 ae·

484 2526 599 2614 mira
626 2552 800 2646 propter
827 2529 1097 2618 vicinitatem
1126 2536 1215 2644 ejus
1240 2553 1376 2616 terrae
1403 2553 1630 2646 quaerant,
1672 2530 1720 2617 in
1754 2535 1923 2647 Europa
1957 2561 2086 2633 vero,
2128 2531 2176 2618 ob

490 2685 650 2794 majora
677 2680 805 2768 maris
832 2680 1059 2806 intervalla
1100 2681 1176 2769 vix
1211 2715 1395 2799 unquam
1423 2706 1573 2802 sponte
1614 2707 1830 2801 apparent.
1891 2658 2042 2770 ¹Unica
2079 2684 2178 2772 tons

487 2832 695 2946 exceptio
724 2833 881 2920 abina
911 2833 1176 2952 migrationis
1203 2836 1299 2952 legs
1339 2857 1404 2920 est
1442 2839 1576 2925 Anser
1603 2840 1857 2952 cygnoldes,
1900 2842 1977 2953 qui
2019 2837 2178 2924 ridetur

492 2979 684 3098 hyberna
710 2983 757 3070 in
784 2988 1031 3076 australibus
1060 2988 1278 3076 orientalis
1304 2986 1433 3077 Asiae
1462 2986 1646 3094 habere,
1687 3017 1827 3106 neque
1854 2993 1909 3076 ad
1936 2988 2178 3109 septentrio·

488 3155 591 3222 nem
621 3135 683 3224 ita
709 3137 836 3254 longe
863 3139 1075 3246 excurrit,
1117 3172 1166 3228 ao
1205 3140 1392 3255 reliquae
1420 3140 1583 3274 species
1620 3171 1791 3242 omnes,
1833 3170 1915 3230 nec
1943 3145 2179 3232 observatur

490 3289 729 3408 gregarius,
759 3315 809 3380 ut
832 3291 962 3402 illae,
1004 3317 1197 3411 tempore
1226 3297 1430 3392 adventus
1458 3317 1625 3412 etpost
1652 3297 1874 3384 educatam
1900 3271 2099 3416 prolem,
2126 3319 2179 3380 es

491 3461 536 3526 se
564 3443 716 3532 solent.

705 3704 823 3802 318.
895 3697 1170 3796 ANSER
1229 3699 1554 3825 cygnoides.
1630 3703 1765 3800 TAB.
1804 3703 1974 3798 LXIV.

628 3902 684 3990 A.
713 3929 849 3996 rostro
875 3911 969 3996 basi
996 3911 1111 3998 elato
1129 3909 1275 4028 nigro,
1306 3913 1463 4000 annulo
1491 3914 1589 4002 albo
1614 3915 1840 4034 plumaceo
1868 3917 2029 4024 cincto,
2058 3907 2177 4002 farcit

487 4051 693 4144 cervicali
720 4059 961 4185 ferrugineo
974 4117 989 4132 ·
1003 4065 1134 4152 lusca.

711 4213 850 4300 Anser
876 4216 1108 4333 oygnoides
1136 4247 1279 4306 macro
1307 4217 1696 4336 melanorhynchos
1707 4285 1724 4328 ,
1769 4253 1872 4342 ruga
1912 4224 2043 4313 rostri
2073 4243 2174 4310 cuu-

764 4395 841 4450 cea
868 4370 1135 4456 transversali
1161 4371 1306 4488 nigra,
1339 4371 1504 4460 fimbria
1530 4374 1679 4460 frontis
1707 4375 1825 4478 alba,
1855 4381 1988 4466 ductu
2003 4379 2176 4468 cervica-

764 4517 800 4604 li
827 4521 1027 4638 spadiceo
1053 4525 1196 4634 fusco,
1223 4529 1503 4614 Messsrscltm.
1530 4527 1735 4648 Hodaget.
1761 4531 1854 4616 Ms.
1881 4551 1924 4622 et
1947 4535 2059 4622 Xzen
2082 4527 2175 4620 ltt'd·

765 4671 889 4760 sato.
927 4677 1018 4762 MS.

706 4826 846 4912 Auser
872 4829 1425 4956 melano-platyrhynchos
1451 4833 1616 4942 luscus,
1644 4829 1759 4930 oollo
1788 4839 1992 4951 fasciato,
2025 4841 2173 4928 stuta·

761 4977 852 5070 obs.
877 4981 970 5072 MS.
