4770 6042
1013 493 1161 548 ···-··-·=
1865 477 1925 578 ,61

238 719 323 784 ma.
379 687 870 810 Incubattseptimanis.
926 695 1036 782 Pulli
1061 693 1203 780 statim
1233 697 1285 782 ab
1314 725 1396 782 ovo
1424 693 1661 822 discurrunt
1686 723 1731 786 et
1762 701 1928 788 avolan-

235 873 282 938 te
312 869 446 935 matre
474 846 587 933 inter
613 843 765 932 herbas
794 869 838 932 et
863 843 1045 962 virgulta
1072 847 1246 970 sparsim
1276 848 1543 946 delitescunt.
1609 851 1821 939 Victitant
1846 860 1929 938 Te·

239 1003 366 1091 trices
395 999 535 1087 baccis
565 1023 609 1086 et
636 1001 777 1116 granis
800 999 949 1105 variis,
979 998 1100 1104 iulis,
1137 1001 1315 1116 gemmis
1343 1001 1584 1118 tenerisque
1612 1003 1782 1089 ramulis
1812 1009 1929 1092 betu-

239 1154 365 1261 linis,
393 1153 642 1271 populneis,
671 1154 716 1240 iu
746 1152 893 1240 Bossia
921 1152 1049 1239 etiaun
1075 1153 1298 1294 glandibus
1327 1155 1521 1269 quemis;
1564 1155 1611 1240 in
1639 1156 1820 1242 acerosis
1847 1159 1929 1273 syl·

239 1307 304 1397 vis
331 1337 458 1425 saepe
485 1305 662 1425 pinnum
689 1305 946 1411 tur-ionibus,
989 1310 1103 1394 unde
1133 1304 1364 1393 resinosum
1392 1307 1501 1425 sapit
1528 1341 1651 1413 car0;
1693 1312 1747 1397 ad
1772 1310 1929 1398 Jeniso·

238 1495 308 1552 am
348 1484 393 1547 et
431 1460 479 1546 in
518 1459 705 1547 Dauuria
745 1459 903 1577 hyeme
945 1459 1195 1577 praesertim
1234 1457 1406 1546 inhiant
1446 1462 1596 1579 Populi
1636 1451 1929 1552 balsamiferae

238 1645 425 1735 gemmas
453 1643 623 1730 magnas
650 1614 856 1714 iuliferas,
885 1616 1072 1701 balsamo
1099 1615 1323 1717 obductas,
1352 1617 1465 1701 unde
1493 1639 1594 1702 tunc
1621 1615 1836 1703 interanea
1850 1619 1929 1703 fra·

236 1766 505 1888 grantissima
531 1789 576 1854 et
603 1767 812 1884 imprimis
853 1767 1024 1884 sapidae
1051 1799 1210 1857 earnes.
1268 1769 1510 1855 Ventriculi
1539 1773 1645 1857 odor
1670 1767 1718 1856 in
1745 1767 1815 1854 his
1845 1766 1932 1855 avi·

225 1927 317 2014 ·bus
344 1949 511 2038 semper
535 1919 655 2036 quasi
680 1918 862 2008 vinosus.
921 1929 970 2007 In
1001 1923 1155 2010 Sibiria
1182 1923 1283 2010 inde
1313 1958 1336 2009 a
1364 1923 1613 2028 Decembri,
1653 1927 1729 2011 sub
1758 1923 1842 2008 ulta
1868 1920 1931 2008 ni·

238 2107 295 2164 ve
323 2074 531 2163 cuniculis
559 2076 714 2168 latent.
770 2088 1060 2192 nocturnaque
1087 2076 1313 2165 venatione
1342 2109 1366 2162 a
1393 2076 1560 2162 rusticis
1587 2080 1756 2164 taedam
1784 2105 1933 2162 accen·

230 2259 326 2320 sam
354 2225 586 2314 ferentibus
612 2227 863 2315 occiduntur
891 2231 1088 2333 fustibus,
1133 2230 1202 2315 vel
1231 2251 1321 2315 rete
1349 2230 1511 2344 injecto
1540 2229 1777 2346 capiuntur.
1847 2227 1951 2316 Setl

236 2414 325 2471 non
352 2385 428 2470 sub
456 2380 557 2467 nive
584 2403 768 2499 torpent.
826 2384 1016 2470 Stolidae
1045 2404 1256 2469 caeterum
1285 2404 1380 2467 sunt
1409 2411 1532 2466 aves:
1571 2383 1757 2469 efferetis
1785 2379 1933 2469 exuvi-

231 2533 275 2622 is
302 2535 369 2624 sui
396 2533 600 2620 similium
628 2536 754 2621 facile
783 2535 1027 2621 alliciuntur
1055 2559 1100 2621 et
1127 2567 1183 2623 ex
1209 2534 1377 2621 insidiis
1407 2533 1685 2636 occiduntur3
1714 2535 1784 2621 vel
1812 2536 1860 2620 in
1889 2555 1929 2619 a·

236 2720 310 2775 rea
338 2715 471 2773 avena
509 2716 751 2804 conspersa,
794 2681 972 2774 valvatis
1014 2686 1172 2775 retibus
1214 2687 1481 2805 operiuntur,
1523 2689 1639 2803 quod
1668 2685 1855 2773 maxime
1883 2686 1931 2772 in

238 2839 483 2928 Casaniensi
525 2869 655 2956 regno
682 2839 773 2926 fieri
800 2842 923 2929 solet.
994 2841 1119 2930 Circa
1159 2842 1382 2927 Uralenses
1423 2867 1589 2928 montes
1618 2866 1663 2929 et
1690 2842 1736 2927 in
1765 2837 1926 2926 Sibiria

238 2991 464 3110 capiuntur
499 2993 710 3113 decipulis
749 2993 869 3082 vario
896 2999 1119 3084 baccarum
1148 3023 1301 3111 genere
1329 2994 1550 3098 inescatis,
1599 2997 1671 3080 vel
1697 3015 1931 3080 statuuntur

236 3146 286 3238 in
314 3146 533 3252 betuletis,
576 3176 685 3263 quae
713 3149 1004 3264 frequentant,
1046 3155 1171 3238 tubus
1199 3146 1705 3252 subinlirndibuliformis,
1745 3147 1932 3232 humana

239 3301 488 3405 altitudine,
530 3301 723 3416 esesqui
748 3303 895 3418 pedali
923 3303 1154 3409 diametro,
1199 3299 1413 3390 contextis
1440 3299 1602 3386 baculis
1632 3302 1784 3405 lactus,
1814 3304 1934 3413 cujus

237 3477 478 3574 aperturam
504 3477 714 3570 occupant
740 3455 892 3543 circuli
920 3459 1004 3545 duo
1032 3457 1251 3564 decussati,
1292 3457 1405 3544 circa
1434 3485 1560 3542 axem
1586 3453 1818 3557 versatiles,
1848 3448 1932 3568 spi·

236 3612 302 3700 cis
329 3607 532 3698 immenti
561 3609 744 3724 alligatis
772 3611 922 3716 obsiti,
962 3643 1139 3728 quorum
1166 3641 1333 3729 semper
1359 3641 1465 3696 unus
1495 3607 1785 3696 semicirculus
1813 3634 1933 3724 supe·

238 3763 351 3854 riora
380 3784 563 3882 spectat:
594 3793 728 3882 prope
757 3764 953 3852 statuitur
979 3765 1024 3852 in
1050 3764 1223 3853 furculis
1252 3766 1442 3880 ejusdem
1470 3759 1708 3850 altitudinis
1729 3784 1933 3847 transver-

242 3951 311 4006 sus
338 3919 511 4004 baculus
537 3915 689 4005 itidem
720 3917 880 4034 aliquot
909 3918 1036 4036 spicis
1063 3942 1253 4020 ornatus,
1292 3915 1445 4034 quibus
1472 3916 1713 4002 alliciantur
1739 3909 1932 4002 Tetricae

238 4093 285 4158 et
313 4095 534 4188 postquam
559 4071 605 4156 in
637 4101 733 4158 cum
762 4071 1034 4160 considemnt
1061 4098 1104 4161 et
1134 4103 1261 4190 grana
1287 4076 1580 4186 degustarunt,
1609 4095 1716 4152 uuus
1743 4085 1841 4181 post
1870 4061 1930 4148 al·

237 4241 379 4316 terum
419 4223 557 4311 insilit
583 4222 630 4309 in
658 4247 877 4312 extantem
915 4225 1249 4328 semicirculum,
1303 4223 1548 4340 quistatim
1575 4255 1600 4307 a
1626 4219 1817 4337 pondere
1842 4212 1933 4302 avis

239 4381 403 4471 circum
445 4409 570 4464 axem
609 4377 789 4466 vertitur
815 4401 860 4466 et
888 4409 1008 4466 avem
1035 4379 1082 4466 in
1111 4349 1353 4496 cylindrum
1386 4373 1660 4494 praecipitat,
1717 4367 1804 4455 alio
1830 4389 1934 4454 tunc
2005 4489 2007 4492 Ι

241 4532 513 4626 semicirculo
541 4563 700 4618 sursum
729 4559 876 4636 verso;
918 4555 963 4620 et
996 4535 1052 4620 ab
1078 4530 1147 4619 his
1176 4531 1479 4619 alternantibus
1507 4523 1677 4612 circulis
1704 4547 1830 4636 saepe
1857 4545 1933 4605 sex

234 4691 436 4808 pluresve
465 4715 562 4772 aves
588 4683 636 4772 in
674 4685 929 4803 cylindrum
971 4683 1250 4799 dejiciuntur,
1305 4685 1418 4768 uncle
1446 4680 1615 4766 evolare
1654 4701 1816 4761 rursum
1844 4699 1932 4758 non

237 4862 436 4963 possunt,
478 4839 701 4928 accedenti
742 4840 934 4928 venatori
969 4837 1061 4926 vivi
1087 4837 1135 4925 in
1160 4840 1361 4957 praedam
1399 4829 1554 4920 cessuri
1582 4826 1711 4944 (conf.
1741 4825 1929 4911 itinerar.

235 5005 372 5088 nostri
396 4999 479 5086 vol.
504 4997 561 5082 ll.
592 5027 635 5110 p.
664 5009 729 5086 52.
761 4997 845 5087 tub.
876 5003 949 5116 a).
1007 5001 1285 5114 Exponuntur
1313 4988 1447 5078 etiam
1472 4984 1519 5074 in
1547 4979 1705 5074 Sibiria
1732 4979 1786 5067 sd
1811 4979 1931 5063 betu-
