4778 6044
319 663 485 754 Tataris
512 663 734 751 certatus.

246 927 251 936 ι
317 818 516 906 Armenia
543 815 895 933 Kytattarutt.

318 970 564 1058 Morduanis
591 971 896 1056 Bobonurman.
956 968 1266 1058 Tschuvaschis
1296 972 1550 1086 Pyrclturltn.

321 1121 559 1212 Calmuccis
586 1123 753 1207 Chorda
766 1157 782 1218 ,-
810 1124 1023 1237 Mongolis
1053 1127 1267 1238 Chodang.

317 1274 523 1389 Tungusis
550 1277 703 1361 Koton.
788 1276 1014 1362 Malabaris
1056 1281 1351 1396 Maidopro(*).

344 1424 514 1512 Nullibi
541 1425 752 1542 copiosior
779 1426 888 1532 avia,
921 1462 1047 1546 quam
1074 1431 1120 1516 in
1149 1431 1321 1514 sinubus
1349 1427 1478 1546 pigris
1494 1428 1892 1519 arundinosisPalu·

207 1583 272 1672 dis
312 1576 564 1685 Maeotidis,
618 1579 827 1696 Bosphori
869 1581 1090 1668 Cimmerii
1131 1606 1175 1668 et
1215 1581 1461 1700 praesertim
1502 1583 1627 1670 maris
1667 1561 1824 1701 Caspii
1849 1607 1893 1671 et

209 1731 441 1822 Araliensis
482 1731 640 1842 lacus,¹
662 1735 776 1818 unde
820 1756 864 1818 et
899 1735 1071 1820 flumina
1099 1744 1256 1848 majora
1283 1737 1336 1820 ad
1364 1735 1527 1850 aliquot
1552 1759 1732 1822 centena
1758 1737 1894 1823 stadia

207 1887 468 1973 adscendunt
496 1905 539 1969 et
568 1907 711 2002 stagna
740 1885 920 1971 finitima
947 1889 1230 2003 frequentant.
1291 1894 1341 1972 In
1370 1891 1537 1974 deserto
1564 1887 1741 1974 tatarico
1764 1897 1893 2004 majo·

206 2070 272 2126 res
298 2039 414 2122 lacus
440 2037 631 2154 parciore
659 2069 833 2124 nurnero
861 2040 1025 2144 colunt,
1055 2040 1271 2156 rariusque
1291 2041 1344 2124 in
1359 2039 1630 2145 Isetensium,
1660 2037 1892 2127 Ischimen·

208 2195 315 2280 sium
343 2215 387 2278 et
415 2189 714 2276 Barabensium
741 2221 983 2308 camporum
1013 2193 1197 2306 aquosis,
1227 2193 1440 2278 interdum
1467 2214 1512 2276 et
1539 2193 1653 2278 circa
1679 2194 1893 2282 Bascalem

208 2347 347 2432 lacum
376 2341 556 2428 Sibiriae
585 2339 801 2428 orientalis
830 2367 1032 2460 apparent
1045 2380 1057 2446 ;
1101 2345 1357 2458 frequentius
1390 2344 1437 2430 in
1480 2346 1574 2431 lacu
1600 2345 1726 2430 Dalai
1754 2351 1893 2430 Davu-

207 2499 307 2584 riae.
369 2495 790 2582 Phalacrocoracibus
817 2496 1006 2581 immixti
1035 2495 1184 2581 vivunt
1212 2495 1481 2602 Onocrotali,
1536 2527 1633 2582 eum
1660 2495 1817 2582 iisdem
1844 2497 1892 2584 in

205 2653 309 2770 ripis
336 2649 577 2768 quiescunt,
618 2649 841 2764 pluresque
870 2647 995 2732 simul
1022 2649 1217 2764 piscandi
1243 2649 1398 2764 gratia,
1448 2648 1697 2765 praesertim
1724 2647 1891 2734 matuti-

205 2806 271 2890 nis
298 2803 434 2905 horis,
464 2801 510 2885 in
540 2801 651 2886 sinus
681 2823 725 2886 et
751 2804 865 2886 lacus
887 2824 1211 2916 congregantur,
1239 2802 1312 2887 ubi
1335 2800 1591 2900 innatantes,
1622 2801 1891 2890 incirculum

206 2956 422 3072 dispositi,
477 2952 671 3070 expansis
698 2952 953 3069 longissimis
981 2953 1059 3036 alis
1087 2985 1237 3068 aquarn
1269 2956 1510 3059 verberant,
1570 2956 1892 3070 compulsosque

205 3107 251 3194 in
282 3113 457 3194 vadosos
496 3107 609 3192 sinus
653 3106 790 3224 pisces
831 3106 1008 3190 dilatato
1049 3110 1172 3190 rostri
1214 3137 1336 3192 sacco
1370 3105 1588 3206 hauriunt,
1644 3105 1891 3223 praesertim

208 3268 405 3376 majores,
449 3265 548 3344 dum
590 3257 818 3344 minorem«
838 3262 1036 3374 praedam
1076 3258 1380 3344 internatantes
1408 3280 1452 3344 et
1479 3258 1711 3343 urinatores
1740 3255 1891 3342 Phala·

208 3441 447 3500 crocoraces
474 3409 738 3528 praeripiunt.
765 3410 954 3524 agilitate
982 3443 1158 3497 summa.
1227 3417 1429 3525 Magnum
1466 3410 1628 3528 piscem
1660 3412 1892 3496 Onocrota·

206 3567 271 3650 lus
311 3595 435 3680 saepe
475 3559 703 3649 dimidium
740 3563 946 3678 deglutit,
1011 3587 1054 3650 et
1094 3547 1305 3680 patienter
1343 3585 1562 3679 expectat,
1616 3566 1756 3649 donec
1798 3563 1901 3680 pars

205 3717 397 3832 ingluvie
427 3739 624 3802 contenta
655 3747 679 3800 a
706 3715 865 3831 septica
895 3723 982 3830 ejus
1010 3715 1055 3800 vi
1084 3715 1348 3802 dissolvatur.
1390 3715 1632 3800 Minoribus
1649 3717 1893 3830 voraginem

211 3894 259 3956 et
286 3901 452 3956 saccum
481 3869 603 3982 gulae
632 3867 816 3984 replent,
856 3891 1029 3982 tumque
1059 3867 1201 3954 cibum
1231 3897 1309 3980 per
1336 3863 1452 3950 diem
1480 3865 1667 3950 mxime
1693 3889 1895 3980 coquunt,

210 4020 379 4138 vesperi
407 4023 546 4108 denuo
574 4019 790 4137 piscaturi.
858 4023 1085 4135 Nunquam
1113 4017 1343 4102 urinantur.
1388 4071 1438 4084 -
1481 4023 1546 4101 Ex
1574 4049 1680 4133 aqua
1709 4018 1900 4130 graviter

210 4175 454 4278 subvolant,
510 4172 584 4258 diu
611 4195 767 4258 terram
794 4175 1012 4288 legentes3
1063 4173 1139 4256 secl
1166 4171 1212 4256 in
1241 4185 1338 4256 aera
1365 4169 1522 4256 elevati
1550 4167 1718 4284 placide
1747 4191 1790 4253 et
1817 4168 1897 4253 diu

209 4327 374 4430 volant,
405 4349 583 4413 attracto
610 4327 749 4432 collo,
779 4349 956 4412 rostmm
984 4324 1238 4412 horizontali
1264 4323 1349 4408 situ
1373 4322 1569 4436 ingluvie
1590 4317 1891 4446 suffulcientes.

207 4481 398 4594 Remiges
437 4479 544 4564 licet
582 4481 802 4597 peramplo
840 4483 965 4585 tube,
1019 4475 1250 4566 substantia
1288 4497 1433 4561 tamen
1472 4471 1766 4576 semmam,
1816 4503 1899 4588 pro

209 4631 467 4720 delineando
497 4631 706 4748 egregiae.
763 4633 980 4720 Advolant
1005 4631 1145 4751 primo
1172 4661 1302 4734 τεῖος
1330 4629 1573 4745 hybernant
1600 4625 1651 4708 in
1675 4626 1894 4712 australia·

210 4835 528 4858 ,ιιι-..ιιι-

258 4955 315 5050 (·)
342 4951 500 5026 uisurus
525 4949 658 5024 testata
683 4953 752 5023 ool.
779 4941 832 5024 ll.
859 4946 975 5020 contin.
1001 4966 1037 5042 p.
1062 4967 1163 5048 ¹⁰54·
1186 4968 1221 5022 t.
1249 4969 1301 5022 η.
