4696 6054
531 451 626 548 258
1293 449 1442 502 ΞΕ

524 673 678 757 Friscb.
707 697 772 754 ov.
799 664 885 751 tab.
922 673 1010 770 ¹93·
1077 651 1267 739 Dubium
1305 647 1416 736 mihi
1458 679 1570 736 nunc
1611 648 1700 734 fere
1743 647 1912 736 ridetur
1941 683 1995 738 an
2025 646 2118 742 haec
2142 663 2186 743 Α.

526 824 690 907 adunca
718 848 816 904 vere
845 814 902 902 sit
927 807 1091 929 species
1117 802 1343 924 peculiaris
1384 825 1640 920 spontanea,
1664 804 1753 886 'vel
1795 834 1848 887 an
1889 800 1937 892 in
1983 806 2186 896 domestico
2315 883 2316 900 .

526 996 660 1075 statu,
704 966 1015 1058 monstrositate
1056 962 1127 1046 vel
1156 956 1365 1044 adulterio
1405 983 1655 1073 quocunque
1692 953 1876 1071 primum
1914 977 2031 1060 orte,
2068 981 2189 1074 postea

523 1153 603 1241 per
630 1122 830 1238 fugitivas
870 1121 958 1208 fera
985 1118 1097 1205 facta
1124 1111 1202 1220 sit,
1244 1113 1358 1232 quod
1400 1111 1487 1198 fere
1529 1110 1676 1196 suadet
1703 1108 1849 1196 raritas
1890 1114 1979 1224 ejus
2024 1107 2189 1197 inomni

530 1281 711 1394 Europa.

977 1533 1091 1645 342.
1180 1521 1390 1614 ANAS
1461 1517 1764 1614 moechata.

670 1741 724 1822 A.
754 1735 864 1822 facie
891 1732 1165 1836 nudiuscula,
1195 1734 1321 1818 mbro
1348 1730 1568 1849 papillosa.

747 1891 835 1974 Lin.
867 1909 972 2000 syst.
1001 1887 1098 1971 ΧΠ.
1126 1887 1161 1970 l.
1190 1915 1232 2000 p.
1266 1919 1354 1992 199.
1381 1915 1444 2000 sp.
1479 1899 1539 1970 16.
1569 1889 1751 1972 Brisson.
1780 1913 1867 1970 orn.
1897 1883 1967 1968 Vl.
2003 1913 2043 1999 p.
2071 1891 2154 1967 313.

749 2046 865 2126 Anas
893 2035 1138 2137 moechata,
1178 2037 1317 2121 Albin.
1347 2069 1412 2120 av.
1441 2040 1516 2124 ΙΙΙ.
1545 2072 1586 2155 p.
1615 2075 1680 2147 92.
1708 2039 1794 2128 tab.
1827 2071 1893 2148 97.
1924 2048 1991 2142 98.
2047 2037 2191 2120 Morsil.

803 2193 954 2278 donub.
985 2194 1031 2274 V.
1062 2224 1103 2307 p.
1140 2203 1228 2274 urb.
1258 2188 1343 2273 tab.
1374 2203 1438 2277 56.
1469 2205 1535 2301 57.
1564 2192 1781 2278 D'aubent.
1808 2199 1906 2305 pict.
1935 2189 2023 2274 tab.
2055 2197 2142 2298 989.

747 2352 862 2432 Anas
890 2342 1049 2433 tureica
1060 2402 1074 2442 ,
1102 2345 1258 2426 Frisch.
1289 2373 1355 2425 aa.
1384 2342 1470 2426 tab.
1507 2357 1594 2428 180.

636 2499 779 2596 Rossis
807 2499 987 2611 Schiptln
1013 2491 1150 2578 Brissa
1179 2500 1199 2605 (
1211 2523 1235 2576 a
1264 2490 1390 2576 sibilo
1418 2522 1544 2607 quem
1572 2495 1777 2612 profert),
1815 2495 1921 2581 item
1949 2497 2204 2616 Samorshujo

699 2653 768 2738 vel
796 2649 1031 2768 Kitoislrujo
1059 2649 1157 2732 utha
1186 2643 1480 2761 (transmarina
1506 2653 1637 2761 anas).

665 2962 902 3078 spontanea
930 2952 1043 3039 circa
1071 2981 1185 3038 mare
1215 2951 1428 3069 Caspium,
1455 2951 1668 3069 rariusque
1696 2953 1744 3039 in
1773 2953 2023 3040 australibus
2052 2953 2200 3066 Volgae

523 3111 767 3228 regionibus
793 3129 839 3193 et
865 3107 1037 3193 lacubus
1066 3104 1222 3192 deserti
1251 3104 1437 3222 caspici‚·
1464 3107 1709 3223 praesertim
1738 3112 1916 3224 Sarpae,
1953 3111 2200 3193 observatur.

523 3264 768 3352 Domestica
796 3258 1043 3378 praesertim
1070 3255 1374 3343 Astrachaniae
1402 3259 1518 3344 etin
1545 3259 1704 3345 taurica
1733 3258 2028 3363 Chersoneso,
2070 3289 2094 3346 e
2121 3265 2203 3344 Per·

524 3415 584 3502 si'a
614 3440 659 3500 et
685 3399 839 3500 Turcia
867 3412 1012 3514 illata,
1052 3409 1269 3524 Petropoli
1308 3433 1354 3496 et
1380 3418 1581 3498 Moscuae
1608 3441 1663 3496 ex
1691 3417 1882 3529 Europa,
1919 3414 2037 3496 unde
2073 3411 2118 3496 in
2145 3441 2201 3490 ra·

523 3567 605 3652 rias
632 3569 754 3651 urbas
780 3562 1027 3664 interiores,
1059 3561 1242 3647 maxime
1271 3567 1501 3650 secundum
1528 3566 1690 3678 Volgae
1716 3585 1922 3666 tractum,
1965 3595 2111 3680 sparsa
2136 3585 2201 3646 est

520 3723 576 3804 A.
607 3717 719 3804 Sinis
760 3745 928 3830 quoque
957 3717 1155 3801 adfertur.
1225 3715 1427 3801 Producit
1466 3721 1578 3834 apud
1607 3748 1683 3802 nos
1724 3720 1874 3803 crebro
1899 3747 1998 3803 cum
2029 3715 2203 3804 foemina
2315 3731 2316 3820 ζ

521 3868 780 3975 Boschadis,
812 3867 894 3955 sibi
921 3867 1073 3984 pennis
1102 3891 1145 3954 et
1172 3898 1335 3982 gressu,
1367 3871 1537 3984 fereque
1566 3869 1881 3985 magnitudine,
1912 3893 2053 3960 rostro
2082 3893 2126 3955 et
2153 3895 2204 3950 re·
2315 3855 2316 3870 ³

523 4021 643 4137 liquo
671 4021 846 4125 habitu,
878 4022 1130 4136 defectuque
1157 4022 1407 4138 papillarum
1435 4021 1548 4108 circa
1587 4045 1766 4110 rostrum
1805 4025 1930 4110 matri
1968 4021 2204 4111 similiores.
2315 4039 2316 4048 ‘

521 4176 604 4258 Sed
633 4171 740 4260 haec
767 4171 951 4290 hybrida
981 4204 1065 4259 non
1104 4195 1410 4291 propagantur,
1449 4176 1698 4260 observante
1726 4183 1811 4289 jam
1846 4181 1884 4261 F
1888 4181 2108 4263 rischio.
2163 4177 2204 4254 ln

522 4323 883 4442 Ornithotrophio
912 4327 1123 4438 quondam
1152 4329 1342 4440 Procopii
1371 4327 1659 4438 uDemldof
1678 4329 1807 4414 etiam
1839 4362 1934 4415 cum
1965 4335 2025 4416 A.
2057 4357 2204 4444 aegyp·

519 4483 631 4560 tiaca
670 4481 941 4563 Brissonii
980 4475 1163 4592 hybrida
1191 4477 1418 4594 produxit;
1456 4511 1544 4565 mas
1571 4479 1710 4585 enim,
1749 4479 1979 4568 incubante
2025 4479 2203 4568 foemina

519 4625 580 4710 ita
607 4627 862 4714 libidinosus
891 4653 977 4732 est,
1020 4652 1067 4715 ut
1095 4631 1395 4748 Gallopavonis
1423 4633 1612 4717 femellas
1653 4657 1694 4717 et
1736 4633 1924 4722 Gallinas
1952 4635 2001 4720 vi
2032 4633 2203 4746 subigat,

521 4801 564 4862 et
591 4781 842 4896 posteriores
870 4783 1116 4899 plerumque
1145 4787 1333 4901 pondere
1362 4815 1435 4870 suo
1465 4807 1626 4870 enecet.
1690 4787 1808 4872 Odor
1833 4785 2001 4873 moschi
2032 4813 2207 4904 praeser-

517 4930 596 5016 tim
626 4932 845 5036 masculis,
889 4957 932 5018 et
961 4935 1113 5022 mirum
1143 4935 1249 5022 haec
1278 4937 1449 5021 effluvia
1488 4935 1534 5021 in
1567 4939 1754 5022 femellas
1782 4939 1888 5026 alius
1915 4938 2088 5056 speciei
2115 4965 2202 5022 eun·
