4778 6044
495 488 586 591 306
1267 504 1412 554 -·····-···

491 704 839 822 „Magnitudine,
882 707 1042 810 forma,
1084 733 1213 807 voce,
1258 701 1468 806 moribus,
1512 727 1691 820 excepto
1721 705 1811 789 solo
1841 705 2010 804 colore,
2051 733 2180 790 corvo

491 860 684 966 „marino
724 856 967 961 simillima,
1012 861 1086 942 sed
1131 853 1327 951 astutior,
1366 887 1578 969 nunquam
1618 856 1734 940 enirn
1775 857 1876 941 talia
1916 859 2011 943 loca
2040 856 2177 971 eligit,

489 1041 749 1127 „quaecum
779 1009 1015 1096 continenti
1045 1007 1293 1110 cohaerent,
1323 1037 1467 1090 verum
1498 1039 1662 1124 semper
1682 1009 1890 1094 solitarios
1911 1033 1954 1094 et
1968 1015 2177 1121 sejunctos

488 1167 710 1280 „scopulos
739 1163 875 1278 eligit.
933 1163 1073 1246 Semel
1102 1162 1215 1245 inter
1243 1160 1512 1244 venationem
1536 1168 1753 1245 Lutrarum
1777 1161 2029 1248 marinarum
2044 1165 2178 1249 talem

484 1349 638 1420 „avem
666 1315 852 1418 obtinui,
881 1314 926 1399 in
956 1345 1102 1400 somno
1137 1317 1189 1398 ab
1217 1313 1374 1398 lsatide
1387 1315 1523 1422 (Cane
1551 1319 1934 1429 Lagopo)captam,
1963 1337 2007 1398 et
2035 1347 2177 1430 quarn·

488 1469 581 1573 „vis
611 1467 712 1552 huic
741 1469 940 1581 praedant
970 1466 1198 1582 eriperem,
1243 1497 1291 1549 ac
1333 1488 1463 1550 noctu
1501 1466 1613 1552 inter
1642 1495 1735 1551 mea
1764 1496 1883 1551 crura
1911 1497 2177 1568 asservarem‚

486 1644 563 1725 „ut
590 1619 783 1734 sequenti
813 1621 883 1704 die
913 1620 1102 1733 plenarie
1137 1617 1443 1718 describerem
1483 1617 1601 1704 idem
1630 1641 1771 1702 tamen
1799 1622 1864 1702 fur
1891 1647 1981 1702 eam
2012 1649 2036 1702 e
2065 1651 2178 1704 com·

485 1774 712 1889 „plexibus
743 1772 848 1856 meis
876 1773 1098 1856 suffuratus
1127 1794 1212 1872 est,
1259 1801 1354 1852 cum
1397 1801 1465 1854 me
1507 1770 1659 1855 lassum
1704 1771 1791 1856 alto
1820 1799 1966 1856 somno
1993 1770 2178 1888 sopitum

487 1922 706 2030 „sentiret
777 1923 920 2008 Facile
962 1947 1102 2008 autem
1139 1927 1293 2038 absque
1321 1921 1487 2036 prolixa
1517 1923 1802 2037 descriptione
1831 1921 2058 2037 unicuique
2088 1923 2179 2008 avis

406 2075 411 2082 ’
488 2075 736 2180 „notissima
764 2074 868 2178 erit,
924 2075 997 2190 qui
1027 2076 1198 2161 Graculi
1226 2072 1481 2190 palmipedis
1510 2077 1712 2174 formam,
1767 2097 1811 2160 et
1839 2075 2024 2162 colorem
2052 2073 2182 2161 titulo

485 2225 868 2343 „comprehensum
900 2236 1171 2342 conjungat„
1231 2233 1301 2310 An
1329 2227 1429 2312 Salo
1458 2231 1648 2314 Bassam
1674 2227 1786 2315 fuist

1049 2589 1248 2772 tvm.
1312 2665 1345 2770 s
1382 2665 1426 2770 u
1460 2665 1504 2770 u
1535 2668 1597 2774 A.

627 3147 765 3236 Unica
814 3145 938 3261 hujus
989 3145 1154 3262 generis
1202 3145 1385 3262 species,
1442 3175 1573 3259 eaque
1619 3144 1849 3252 rarissime,
1904 3151 1951 3236 in
1995 3153 2178 3238 maribus

488 3301 640 3390 nostris
670 3299 836 3385 arcticis
865 3321 909 3383 et
936 3296 1147 3384 Orientali
1175 3302 1349 3386 Oceano
1377 3300 1596 3384 observata
1624 3321 1705 3405 est,
1747 3304 1896 3388 eadem
1924 3335 2031 3418 quae
2062 3307 2177 3392 Pela·

490 3484 588 3569 gum
627 3452 843 3538 borealem
892 3457 1083 3566 Europae
1135 3451 1426 3538 circumfluam
1478 3452 1718 3565 frequentat
1759 3477 1805 3540 et
1846 3477 1911 3541 est
1949 3457 2038 3543 aris
2082 3487 2177 3544 vers

490 3603 697 3722 pelagica.

964 3763 1080 3882 369.
1154 3727 1359 3855 suta
1442 3768 1709 3862 Bassuna.

629 3911 672 3992 S.
712 3935 888 4022 corpore
937 3908 1053 4006 albu,
1112 3932 1244 3994 rostro
1291 3913 1524 3998 subserrato
1571 3911 1882 4030 remigibusque
1922 3913 2175 4033 primoribus

486 4059 637 4178 nigris,
675 4059 783 4145 facie
813 4060 1086 4144 subcoerulea
1114 4063 1203 4144 Lin.
1233 4081 1339 4174 syst.
1369 4065 1466 4188 ΧΠ.
1494 4069 1528 4149 Ι.
1561 4099 1599 4182 p.
1633 4103 1724 4180 217.
1755 4101 1816 4186 sp.
1846 4083 1884 4158 5.

705 4217 844 4296 Anser
868 4213 1063 4296 bassanus
1092 4217 1334 4300 Auctorum.

706 4367 804 4448 Sula
830 4371 1032 4462 Bassam,
1074 4368 1255 4452 Brisson.
1283 4399 1369 4454 orn.
1405 4369 1475 4455 Vl.
1506 4403 1547 4484 p.
1579 4386 1672 4459 503.
1702 4373 1787 4458 tob.
1819 4391 1887 4478 44.
1917 4375 2090 4490 optima.

704 4523 794 4601 Fou
837 4518 890 4600 de
931 4522 1104 4615 Bassan,
1157 4522 1321 4631 Buffon.
1367 4553 1449 4608 orn.
1488 4525 1601 4610 ΠΗ.
1633 4559 1674 4642 p.
1703 4541 1797 4638 376.
1826 4527 2044 4616 D’oubent.
2076 4539 2169 4646 pict.

768 4703 805 4754 n.
845 4681 938 4778 278.

705 4826 889 4924 Gannet,
919 4823 1112 4908 Pennant.
1146 4825 1265 4910 Zool.
1296 4829 1443 4914 britan.
1475 4865 1515 4948 p.
1554 4847 1640 4920 160.
1671 4834 1755 4918 tab.
1785 4837 1819 4918 Ι.
1849 4835 1967 4922 Zool.
1996 4857 2097 4921 aret.
2119 4835 2168 4918 ΙΙ.

753 5007 794 5090 ρ.
826 4987 919 5062 582.
949 5005 988 5058 n.
1019 4991 1113 5063 510.
1143 4981 1332 5064 Lotlram.
1362 5015 1428 5070 ov.
1459 4989 1531 5070 Vt.
1560 5021 1601 5102 p.
1634 5001 1726 5074 606.
1757 5021 1795 5071 n.
1828 5003 1895 5076 25.
