4696 6054
475 397 567 483 274
1249 393 1395 444 -······—·

427 675 430 683 .
471 597 657 686 rentibus
697 591 905 684 montanis
944 619 989 682 et
1028 594 1166 684 fluviis
1194 591 1352 678 saxosis
1380 589 1561 708 rapidis,
1618 591 1805 708 aglacie
1842 593 2049 700 liberatis,
2107 620 2154 682 ut

472 753 580 853 Uda,
612 750 772 848 Conda,
802 751 981 864 Ingode,
1013 747 1206 850 Schillra,
1237 745 1487 860 Bargusino,
1517 748 1764 861 plerumque
1793 775 1869 863 per
1896 745 2012 862 paria
2042 750 2154 832 unde

471 929 604 1010 mares
632 922 728 1016 post
755 903 983 987 celebratas
1010 901 1179 1015 nuptias
1204 897 1296 1002 soli,
1328 896 1536 983 foeminae
1565 927 1666 984 vero
1695 899 1866 983 demum
1894 897 2154 984 conliirmata

469 1054 588 1170 prole
627 1055 741 1140 lacus
778 1078 823 1140 et
863 1056 1073 1142 maritima
1113 1075 1281 1170 petunt,
1340 1073 1384 1135 et
1424 1050 1630 1166 gregatim
1666 1049 1777 1136 circa
1813 1073 2019 1166 rupestres
2046 1049 2156 1167 ripas

470 1227 692 1318 vagantur,
735 1205 889 1292 oniscis
916 1207 1161 1324 praesertim
1192 1203 1373 1316 copiosis
1402 1201 1629 1286 inhiantes.
1703 1205 1797 1289 Vox
1826 1203 1956 1306 clara,
2001 1201 2155 1304 brevis,

471 1387 580 1458 rara,
613 1357 793 1442 volantis
823 1361 950 1445 nulla.
1009 1361 1191 1446 Stolidus
1221 1354 1439 1442 hominem
1452 1385 1583 1470 prope
1612 1355 1840 1440 admittunt
1866 1375 1911 1438 et
1937 1352 2155 1440 urinantur

470 1506 611 1626 potius
647 1539 774 1624 quam
810 1513 990 1596 avolant.
1061 1515 1313 1596 Stellarus
1354 1505 1464 1592 hanc
1493 1506 1679 1621 speciem
1707 1506 1890 1622 primum
1918 1504 2156 1591 observavit

470 1658 517 1748 in
545 1661 799 1746 torrentibus
835 1693 947 1748 mare
984 1661 1228 1750 Ochotense
1262 1660 1558 1763 influentibus,
1609 1657 1942 1774 copiosissimam
1983 1657 2084 1743 dein
2111 1657 2156 1742 in

472 1809 787 1917 Camtschatca,
829 1816 903 1901 ubi
930 1848 1029 1900 vere
1059 1818 1111 1900 ad
1139 1819 1275 1900 fontes
1302 1841 1431 1926 usque
1460 1812 1691 1897 rivulorum
1719 1811 1959 1915 adscendit,
2015 1810 2157 1896 exclu-

472 1995 599 2081 saque
634 1963 753 2081 prole
794 1967 905 2053 redit
934 1971 987 2052 ad
1016 1998 1143 2054 mare.
1213 1966 1336 2052 Circa
1362 1965 1517 2048 insulas
1547 1993 1687 2048 versus
1714 1963 1959 2050 Americam
1996 1997 2155 2082 sparsas

471 2117 720 2202 observabat
747 2120 1011 2233 frequentem
1040 2153 1080 2234 p.
1110 2153 1164 2204 m.
1194 2123 1249 2203 D.
1279 2121 1334 2200 D.
1363 2119 1414 2199 M
1422 2121 1515 2203 erls.
1572 2119 1792 2230 Hybernat
1818 2117 1863 2200 in
1893 2118 2017 2220 mari,
2059 2149 2155 2204 vere

470 2289 676 2354 torrentes
707 2271 927 2356 adscendit
953 2271 1083 2356 etiam
1112 2271 1190 2356 ibi.
1230 2272 1302 2355 Ad
1325 2271 1513 2382 jugulum
1540 2299 1670 2382 usque
1696 2291 1786 2354 tota
1814 2301 1944 2386 aquae
1958 2271 2154 2358 immersa

471 2443 605 2526 natat,
634 2444 683 2508 ut
710 2428 764 2509 A.
794 2453 929 2509 mersa
956 2423 1145 2508 urinatur
1172 2423 1317 2510 diuet
1343 2423 1525 2505 natando
1555 2421 1788 2522 lubentius,
1817 2454 1942 2537 quam
1972 2425 2156 2510 volando

471 2573 592 2688 fugit.
661 2581 848 2662 Teneros
890 2584 1026 2693 pullos
1064 2579 1139 2662 sub
1177 2573 1350 2662 initium
1377 2573 1479 2658 Julii
1508 2576 1562 2658 ad
1589 2578 1800 2660 Ba'r'calem
1830 2577 2000 2692 accepi,
2043 2581 2156 2663 unde

470 2727 688 2814 crederem
708 2727 775 2814 bis
802 2727 848 2814 in
877 2761 987 2815 anno
1013 2729 1263 2846 prolificare.
1320 2725 1547 2811 Rarissime
1574 2727 1787 2814 interdum
1815 2729 1927 2816 cirea
1954 2732 2157 2815 Uralense

470 2883 615 2994 jugum
656 2903 841 2996 apparet.
912 2882 1005 2966 Ova
1045 2880 1268 2997 descripsit
1308 2902 1352 2963 et
1380 2878 1612 2965 delineavit
1652 2884 1847 2967 Stallcr
1875 2885 2006 2992 (Nou.
2037 2889 2152 2970 Com.

470 3033 677 3118 Petr.1V.
708 3067 749 3151 p.
778 3053 871 3138 420.
901 3033 987 3118 aab.
1025 3070 1085 3117 11.
1104 3039 1191 3148 fig.
1227 3047 1287 3120 13.
1324 3037 1411 3142 14.)
1442 3035 1688 3142 majuscula,
1719 3036 1807 3118 lere
1835 3059 1882 3122 ut
1909 3033 2151 3137 Bosohadis,

471 3186 636 3298 glabra,
691 3187 812 3285 alba,
868 3215 967 3271 sena
1009 3185 1054 3271 in
1097 3215 1181 3271 uno
1210 3183 1332 3286 nido,
1389 3215 1518 3301 quem
1544 3187 1729 3271 foemina
1758 3187 1804 3272 in
1831 3187 1934 3304 ripis
1964 3189 2153 3302 gramine

470 3339 718 3426 conculcato
744 3337 982 3454 plumisque
1012 3341 1176 3425 format.
1233 3336 1368 3437 Parit,
1410 3337 1560 3422 eodem
1588 3341 1857 3450 observante,
1898 3343 1980 3426 line
2007 3339 2134 3424 Junii.

605 3490 780 3573 Descr.
831 3492 1077 3603 Magnitudo
1120 3491 1364 3604 Penelopes.
1442 3495 1634 3576 Rostrum
1672 3495 1853 3596 fuscum,
1911 3493 2151 3578 mandibula

470 3637 669 3723 inferiore
698 3663 742 3724 et
768 3671 905 3756 ungue
933 3641 1338 3745 coerulescentibus,
1365 3643 1497 3728 forma
1524 3649 1554 3752 (:
1570 3646 1656 3729 lere
1685 3668 1732 3730 ut
1759 3645 1804 3732 in
1833 3651 1971 3731 Anate
2000 3643 2148 3760 glacia·

471 3790 512 3874 le
529 3798 559 3903 z)
602 3821 745 3877 versus
773 3824 955 3908 unguem
984 3795 1461 3910 conica-angustatum,
1519 3796 1631 3882 circa
1658 3829 1840 3914 unguem
1868 3803 2149 3915 subrugosum,

467 3941 559 4026 basi
587 3940 698 4026 striis
727 3946 970 4050 subtilibus,
1016 3947 1249 4032 vorticosis.
1306 3948 1486 4034 Labulus
1513 3973 1725 4055 cutaceus,
1771 3955 1984 4057 dentatus,
2022 3951 2146 4066 nigor,

469 4090 601 4178 instar
629 4093 780 4180 cristae
808 4097 1066 4214 gallinaceae
1096 4103 1269 4215 angulos
1296 4099 1379 4186 oris
1408 4100 1585 4216 obtegit.
1641 4107 1772 4192 Irides
1798 4107 1953 4190 fuscae.

604 4249 723 4332 Mas:
781 4273 906 4366 caput
932 4249 1081 4356 habet,
1124 4283 1220 4336 cum
1249 4251 1461 4366 superiore
1488 4277 1606 4367 parte
1633 4257 1758 4348 colli.
1799 4254 2141 4370 atro-chalybes·

468 4419 586 4500 tum3
615 4429 712 4484 area
740 4430 890 4515 magna
918 4403 1183 4518 triangularis
1211 4405 1306 4490 alba
1333 4403 1529 4521 utrinque
1557 4409 1610 4492 ad
1643 4431 1833 4511 rostrum,
1855 4415 1997 4522 fascia
2024 4407 2138 4494 utrin-

468 4579 550 4666 que
577 4579 654 4667 per
682 4551 885 4638 verticem
922 4557 975 4639 ad
1002 4555 1174 4671 occiput
1200 4557 1468 4644 continuatae
1495 4559 1678 4676 primum
1707 4563 1854 4668 albae,
1897 4563 1997 4646 dein
2026 4563 2137 4646 ferru-

469 4701 638 4816 gineae,
691 4701 804 4788 inter
830 4737 930 4820 quas
960 4709 1141 4822 spatium
1169 4734 1495 4825 opaco-atrum.
1561 4716 1733 4800 Macula
1759 4745 1880 4830 supra
1908 4744 2026 4798 aures
2052 4711 2136 4794 adl

469 4853 583 4958 alba,
634 4854 802 4970 postico
829 4859 1015 4973 margine
1044 4857 1149 4946 item
1179 4885 1472 4980 atro-opaoa;
1524 4893 1636 4984 pone
1677 4863 1787 4952 hanc
1815 4889 1992 4984 utroque
2021 4867 2136 4949 latere
