4696 6054
981 485 1129 542 Ε
1801 485 1888 576 ²43

341 693 395 775 In
420 680 666 806 temperatis
691 683 822 774 totius
851 683 1008 773 deserti
1036 683 1207 806 euspici,
1235 684 1403 804 tetarici
1432 684 1738 805 etmongolici,
1770 689 1918 778 adeo·

204 871 288 961 qne
315 838 634 928 verosimillime
660 869 737 958 per
763 867 934 928 omnem
973 839 1220 928 interiorem
1248 838 1397 928 Asiam
1436 839 1722 956 vulgatissima
1756 842 1803 930 in
1829 841 1892 932 ri·

203 993 318 1084 cinia
345 991 565 1114 fluminum
593 1015 637 1078 et
663 992 842 1078 lacuum.
913 995 1044 1110 Apud
1071 1023 1146 1078 nos
1171 991 1310 1111 primo
1338 1021 1436 1079 rere
1462 1019 1519 1078 ex
1547 1014 1686 1080 austro
1718 1026 1795 1114 per
1820 1031 1893 1116 pa·

199 1149 271 1236 ria'
296 1149 519 1248 advolant,
547 1173 626 1230 nec
656 1145 782 1230 facile
810 1143 920 1231 ultra
950 1159 1002 1234 53
1028 1147 1204 1260 gradum
1229 1143 1468 1232 latitudinis
1504 1147 1767 1235 adscendunt
1804 1181 1895 1238 mas

207 1323 252 1388 et
280 1299 466 1388 foemina
493 1296 795 1412 inseparabiles
823 1297 942 1384 socii.
1027 1297 1286 1392 Nidulantur
1324 1295 1372 1382 in
1415 1295 1545 1384 antris
1588 1303 1892 1392 Marmorarunr

202 1452 436 1540 aliorumve
466 1450 710 1536 animalium
741 1450 947 1554 desertis,
975 1448 1021 1535 in
1050 1449 1240 1538 cavernis
1267 1449 1550 1567 rupestribus,
1591 1453 1891 1570 arboribusque

204 1602 432 1702 excavatis,
459 1604 571 1688 unde
601 1602 702 1688 dein
730 1609 867 1716 pullos
891 1623 1024 1689 rostro
1054 1604 1239 1690 sublatos
1266 1605 1319 1688 ad
1348 1633 1472 1718 equas
1501 1604 1739 1720 deportant.
1795 1605 1891 1692 Ova

203 1759 313 1850 elba.
368 1759 585 1844 Autumno
613 1751 836 1871 oprimis,
865 1783 963 1840 curn
990 1759 1132 1874 prole,
1159 1783 1302 1841 versus
1332 1775 1514 1839 austrum
1541 1755 1779 1844 revertitur.
1840 1765 1891 1846 In

204 1907 360 1999 Sibirie
385 1908 633 2026 praesertim
659 1909 898 2024 frequentat
925 1906 1067 2024 aprica
1115 1909 1170 1994 ad
1194 1905 1406 1994 leniseam
1447 1928 1493 1991 et
1517 1905 1627 2015 ultra
1662 1907 1893 2010 Raicalem,

201 2062 276 2148 nbi
303 2061 416 2146 inter
443 2087 566 2176 rupes
595 2058 799 2146 nidificat.
870 2065 920 2144 In
947 2058 1188 2146 borealibus
1215 2087 1427 2172 nunquam
1457 2079 1645 2174 apparet.
1716 2063 1757 2146 V
1754 2068 1890 2148 clatus

202 2214 421 2304 diuturnus
449 2233 494 2296 et
520 2209 652 2318 levis,
696 2236 745 2298 ut
770 2209 1089 2328 praecedentis3
1129 2243 1215 2298 vox
1255 2209 1369 2296 inter
1395 2210 1650 2316 volandum,
1692 2213 1764 2298 vel
1789 2241 1889 2299 cum

201 2365 424 2454 considens
450 2367 664 2470 turbatur,
709 2365 858 2480 clange
869 2425 884 2465 ,
923 2363 1049 2478 longe
1090 2360 1383 2467 exaudienda,
1426 2362 1622 2448 tuberum
1667 2366 1891 2452 Clas-inette

203 2519 411 2606 dictarum
438 2515 707 2622 subaemula,
750 2518 863 2603 unde
891 2538 936 2602 et
960 2537 1135 2632 propter
1160 2513 1464 2600 sacerdotalem
1498 2514 1688 2600 colorem
1722 2515 1893 2630 gentili·

201 2673 279 2758 bus
306 2669 519 2787 Mongolis
547 2691 592 2754 et
621 2667 858 2756 Calmuccis
885 2699 1001 2754 sacra
1029 2671 1133 2754 avis.
1202 2673 1392 2752 Incessus
1434 2665 1630 2781 elegans,
1670 2668 1758 2754 lere
1785 2666 1890 2782 galli

201 2820 449 2940 gallinacei,
493 2821 608 2908 celer
634 2842 680 2907 et
708 2817 878 2907 babilis.
958 2818 1179 2908 Cicuratae
1215 2845 1430 2934 nunquam
1471 2817 1737 2934 prolificant,
1777 2820 1887 2910 licet

201 2975 277 3064 diu
302 2974 448 3060 vivunt
475 2995 520 3060 et
546 3004 627 3059 ouo
653 2973 866 3059 interdum
893 2971 1072 3089 pariant.
1142 2972 1276 3086 quue
1304 2999 1356 3056 eo
1386 2969 1518 3086 magis
1548 2969 1727 3076 mirum,
1758 2969 1890 3088 quum

199 3133 315 3218 Anas
344 3124 590 3242 aegyptiace
618 3128 824 3234 (Brisson.
855 3157 941 3212 orn.
971 3127 1037 3214 VI.
1067 3157 1108 3240 p.
1139 3137 1233 3227 284.
1262 3121 1347 3208 tob.
1387 3156 1449 3232 27.
1464 3125 1500 3231 ),
1543 3116 1647 3208 huic
1675 3154 1889 3239 quamma-

199 3281 316 3371 xime
344 3277 508 3378 affinis,
536 3275 689 3364 babitu
700 3338 715 3378 ,
742 3275 931 3382 incessu,
961 3277 1130 3374 colore,
1172 3303 1305 3378 voce,
1348 3272 1478 3360 etiarn
1506 3280 1705 3361 Moscuae
1740 3296 1785 3360 et
1812 3283 1888 3362 Pe·

197 3431 356 3550 tropoli
380 3429 429 3515 in
456 3427 813 3548 ornithotropbiis
840 3428 1017 3516 incubet
1043 3451 1089 3512 et
1114 3427 1277 3543 prolem
1305 3423 1509 3543 perficiet.
1586 3432 1636 3511 In
1663 3456 1716 3514 eo
1745 3450 1888 3516 eutem

198 3617 295 3675 cum
323 3583 406 3676 bac
434 3581 672 3688 consentit,
713 3584 852 3698 quod,
890 3579 928 3666 si
956 3580 1042 3664 alas
1070 3575 1264 3664 mutilare
1290 3575 1556 3693 neglexeris,
1601 3602 1801 3668 autumno
1831 3610 1889 3667 ex

198 3732 553 3852 ornitbotrophiis
580 3764 706 3852 saepe
746 3737 869 3820 abeat
907 3733 955 3819 in
992 3728 1217 3817 calidiores
1244 3727 1462 3842 regiones,
1502 3729 1632 3848 idque
1667 3762 1792 3850 saepe
1827 3735 1886 3820 ia·

134 3903 144 3922 '
199 3913 316 3978 ctum
354 3909 419 3974 est
455 3885 504 3972 in
541 3884 676 3974 bortis
713 3885 1004 4004 imperialibus
1046 3877 1342 3967 Saraevillanis
1385 3883 1582 3990 (Sarslsoe
1623 3887 1769 3995 Seio),
1807 3885 1884 3972 ubi

197 4045 332 4130 Diua
359 4041 760 4130 CATHARINA
788 4045 845 4124 11.
871 4040 1127 4150 Augusta,
1158 4032 1386 4120 clementia
1412 4056 1462 4118 ut
1488 4053 1578 4118 eret
1605 4063 1742 4148 paene
1771 4034 1882 4122 divi-

197 4228 281 4304 na,
324 4223 420 4310 erga
446 4195 569 4278 bruta
596 4221 763 4307 quoque
804 4214 850 4278 et
881 4185 1100 4289 volatilia,
1147 4182 1294 4270 avibus
1335 4182 1518 4270 exoticis
1558 4183 1754 4274 mutilare
1796 4188 1883 4275 elas

197 4345 443 4470 permittere
471 4342 587 4431 haud
614 4343 790 4430 solebat.

336 4502 509 4586 Descr.
564 4499 661 4584 Mat
689 4527 712 4581 a
741 4493 925 4582 foemina
960 4493 1108 4582 differt
1146 4486 1437 4605 magnitudine
1477 4511 1522 4576 et
1557 4487 1880 4608 pulchritudine

198 4650 489 4757 eminentiore,
519 4673 565 4736 et
589 4671 741 4766 torque
766 4647 880 4735 circa
907 4647 1097 4733 medium
1124 4643 1281 4734 collum
1309 4641 1442 4756 nigra,
1471 4672 1579 4758 quae
1605 4641 1732 4759 plane
1762 4644 1881 4729 deest

197 4804 409 4894 foeminis.
475 4809 668 4893 Rostrum
696 4803 900 4920 pedesque
928 4801 1060 4917 nigra.
1129 4799 1266 4914 Caput
1294 4825 1389 4880 cum
1425 4793 1551 4882 initio
1593 4795 1697 4882 colli
1737 4795 1878 4899 albet,

197 4961 333 5046 fronte
361 4979 407 5043 et
433 4955 554 5077 genis
580 4957 656 5046 vix
681 4953 996 5044 lutescentibus.
1063 4951 1194 5042 Iridcs
1221 4949 1338 5038 fusco
1351 4995 1367 5016 ·
1380 4946 1646 5036 latescentes.
1717 4953 1880 5038 Collum

1416 5121 1438 5166 s
