4770 6042
991 535 1143 596 aaz
1853 507 1965 630 ὅς’

367 729 597 854 copiosum
635 733 802 842 culinae
829 737 1170 856 supplementum
1211 745 1404 860 Lagopus
1430 767 1509 859 per
1535 771 1706 832 omnem
1744 749 1914 834 Faunae

224 915 389 986 nostrae
416 889 626 976 ditionem
653 889 700 975 in
727 889 1057 992 borealioribus;
1111 892 1158 980 in
1186 894 1405 1010 europaeis
1445 894 1620 1012 Imperii
1647 895 1862 984 ruthenici
1889 932 1915 987 a

225 1046 388 1139 Prussia
414 1065 459 1129 et
485 1043 638 1128 Suecia
665 1045 876 1158 usquead
905 1045 1158 1133 Casaniense
1187 1077 1362 1162 regnum
1391 1045 1523 1151 vivit,
1567 1049 1721 1154 rarius,
1748 1081 1828 1136 nee
1854 1050 1918 1138 ni·

225 1200 447 1317 sihyeme
477 1200 530 1283 ad
558 1220 742 1282 austrum
770 1200 982 1312 evagatur.
1038 1203 1123 1286 Sed
1150 1199 1195 1285 in
1224 1199 1379 1286 Sibiria
1409 1197 1534 1286 facile
1562 1202 1700 1308 omni,
1741 1202 1848 1290 locis
1877 1235 1921 1292 e·

224 1355 331 1441 tiam
358 1350 536 1488 apricis,
563 1350 600 1436 si
629 1353 757 1437 modo
785 1348 946 1436 victum
974 1356 1223 1469 praebeant,
1253 1321 1413 1467 hyeme
1424 1353 1692 1468 praesertim,
1721 1358 1917 1472 frequens

225 1530 318 1607 est;
370 1503 655 1621 copiosissima
688 1504 734 1588 in
762 1502 946 1588 maxime
975 1503 1236 1607 borealibus,
1289 1506 1342 1589 ad
1370 1505 1615 1594 oceanicam
1643 1539 1773 1626 usque
1801 1541 1920 1600 oram

224 1659 468 1778 glacialem,
496 1657 572 1742 ubi
598 1657 755 1774 reliqui
782 1664 1013 1743 Tetraones
1042 1688 1138 1743 cunr
1167 1657 1284 1773 sylva
1313 1659 1491 1754 desunt,·
1531 1661 1812 1778 copiosissimi
1842 1662 1921 1752 etis
2038 1725 2040 1730 -
2171 1663 2175 1670 ’

224 1845 295 1900 em
322 1811 370 1898 in
398 1809 598 1897 orientali
625 1810 803 1910 Sibiria,
830 1832 921 1896 tota
949 1811 1122 1928 alpestri
1149 1833 1193 1896 et
1221 1809 1397 1926 frigida,
1430 1811 1559 1928 inque
1590 1818 1788 1922 Dauuria‚
1816 1817 1922 1908 licet

223 1967 352 2054 valde
381 1967 435 2050 ad
463 1985 648 2049 austrum
676 1986 871 2063 extensa,
898 1966 954 2049 ob
984 1963 1148 2079 alpinos
1174 1963 1291 2067 situs,
1315 1963 1476 2081 ¹ubique
1506 1968 1715 2085 frequens.
1772 1975 1921 2056 Aesta-
1969 2065 1972 2070 Δ

223 2141 272 2205 te
298 2113 455 2235 partim
494 2145 636 2202 versus
676 2115 941 2229 frigidiorem
983 2116 1327 2232 Septentrionem
1352 2139 1395 2202 et
1423 2118 1469 2204 in
1498 2121 1639 2239 alpina
1668 2124 1765 2210 loca
1794 2148 1921 2241 atque

225 2279 323 2392 juga
348 2267 511 2357 nivalia
550 2271 755 2356 recedunt
769 2305 783 2366 ‚·
836 2269 993 2385 hyeme
1018 2297 1097 2384 per
1124 2270 1317 2385 depressa
1345 2270 1547 2386 palustria
1576 2274 1692 2360 etin
1721 2277 1854 2392 magis
1883 2309 1938 2364 a·v

224 2425 367 2546 prices
391 2420 584 2538 regiones
611 2422 919 2539 disperguntur.
988 2426 1039 2504 In
1067 2420 1228 2537 campis
1262 2444 1407 2506 tamen
1450 2425 1703 2513 lsetensibus
1732 2450 1776 2514 et
1802 2415 1946 2514 Bata?

225 2577 427 2668 irensibus
461 2573 589 2662 vastis
617 2598 661 2663 et
688 2574 844 2692 palude
885 2572 1193 2660 abundantibus
1235 2572 1573 2693 omnitempore
1603 2578 1703 2664 anui
1731 2583 1924 2696 frequen.-

223 2753 342 2836 tant,
398 2751 444 2815 et
469 2729 518 2815 in
543 2726 783 2816 borealibus
811 2726 1020 2844 plurimae
1047 2725 1178 2812 etiam
1207 2724 1434 2841 hyemant,
1477 2751 1524 2815 ut
1558 2730 1689 2817 etiam
1718 2733 1831 2820 circa
1860 2741 1924 2821 la·

226 2883 408 2988 cutiam,
437 2881 526 2969 imo
553 2881 668 2968 circa
696 2878 918 2998 Schigan,
942 2876 1114 2982 Siktak,
1156 2882 1353 2967 Obdorslr
1381 2905 1426 2968 et
1453 2886 1695 3000 Kovyrnsk,
1726 2891 1803 2974 sub
1829 2887 1923 3005 ipsa

229 3061 349 3130 arcto
375 3036 578 3155 hyemem
606 3039 756 3124 ferant⁴
813 3037 1030 3120 Stellero
1058 3032 1308 3118 observante
1321 3065 1405 3121 non
1435 3035 1630 3122 solnmin
1658 3036 1921 3126 Camtschat-

227 3222 281 3279 ca
306 3191 478 3309 copiosa
507 3213 627 3296 runt,
675 3190 752 3276 sed
783 3185 911 3272 etiam
937 3183 987 3269 in
1013 3183 1162 3270 insulis
1190 3184 1302 3272 inter
1329 3186 1477 3274 Asiam
1504 3209 1550 3273 et
1578 3189 1821 3278 Americam
1849 3196 1925 3280 bo·

227 3344 365 3432 reales
402 3345 566 3464 sparsis.
633 3349 685 3430 In
712 3341 850 3427 insula
878 3337 1067 3457 Beringii
1094 3337 1332 3456 gregariae,
1374 3337 1596 3427 hominem
1634 3340 1811 3428 minime
1841 3346 1926 3432 for-

226 3495 464 3604 midantes,
516 3519 565 3584 ut
593 3494 771 3584 fustibus
799 3483 942 3580 occidi
967 3517 1013 3579 et
1039 3493 1085 3578 in
1114 3523 1198 3579 uno
1226 3492 1323 3590 loco
1350 3493 1461 3580 intra
1488 3492 1619 3581 horae
1659 3495 1842 3612 spatium
1872 3494 1927 3584 ad

230 3665 285 3743 eo
327 3655 473 3770 sclopo
512 3650 654 3740 occidi
692 3646 929 3768 potuerint,
970 3676 1123 3761 magno
1161 3645 1453 3760 naufragorum
1495 3647 1661 3738 solatio.
1691 3703 1741 3720 -·
1769 3656 1931 3738 Amant

229 3809 480 3928 praesertim
507 3805 681 3892 saliceta
709 3825 755 3888 et
780 3801 970 3889 betuleta
981 3863 995 3902 ,
1032 3831 1209 3916 quorum
1237 3821 1282 3884 et
1308 3799 1396 3884 alni
1425 3805 1627 3916 gemmis,
1671 3805 1858 3905 tumulis,
1888 3823 1937 3891 ai

226 3956 390 4050 mentis
418 3981 463 4046 et
486 3957 724 4045 turionibus
751 3953 962 4072 imprimis
990 3976 1235 4072 pascuntur,
1278 3941 1509 4048 seminibus
1537 3979 1753 4072 praeterea
1783 3952 1930 4059 variis,

229 4110 480 4232 praesertim
507 4113 839 4230 Polygonorum,
880 4108 1022 4195 baccis
1049 4105 1197 4210 variis,
1238 4139 1278 4192 v.
1307 4135 1368 4224 gr.
1402 4108 1661 4213 Lonicerae,
1705 4106 1930 4194 Vaccinio·

230 4297 346 4372 rum,
393 4265 568 4372 Arbuti,
611 4265 747 4368 Rubi,
790 4263 981 4378 Empetri
994 4323 1008 4362 ,
1043 4257 1180 4350 Orobi
1206 4259 1337 4346 etiam
1364 4260 1505 4362 foliis,
1536 4258 1725 4376 abiegnis
1754 4258 1929 4347 turioni·

233 4425 314 4511 bus
341 4443 385 4508 et
412 4421 507 4506 aliis
536 4417 858 4534 vegetabilibus.
917 4423 967 4500 In
993 4413 1362 4531 temperatioribus
1390 4415 1564 4500 Rossiae
1596 4413 1761 4531 Aprili,
1792 4411 1839 4498 in
1868 4409 1932 4498 Si·

232 4579 346 4665 biria
373 4571 532 4660 tardius
557 4587 736 4673 coeunt,
761 4569 869 4656 locis
895 4569 1035 4686 planis
1064 4565 1216 4685 apricis
1244 4566 1537 4672 ananienses,
1568 4597 1740 4684 crepera
1769 4587 1814 4650 et
1840 4593 1932 4651 cro·

228 4729 395 4817 'citante
420 4755 549 4833 vocs,
578 4723 787 4812 matutino
813 4720 1062 4840 praesertim
1086 4742 1299 4836 tempore,
1328 4743 1425 4836 post
1452 4743 1600 4806 ortum·
1620 4717 1743 4804 Solis.
1805 4725 1856 4804 In
1869 4715 1933 4806 in·

229 4887 322 4972 sula
351 4877 541 4996 Beringii
569 4879 815 4995 Lagopodas
842 4874 967 4964 Junio
995 4877 1167 4962 demum
1194 4873 1286 4986 oris
1312 4872 1548 4980 incubasse,
1576 4876 1833 4966 Stellarus
1860 4903 1932 4958 an·

230 5035 427 5146 notant,
476 5036 525 5123 in
550 5031 709 5123 Sibiria
735 5029 828 5152 ipse
853 5029 968 5118 iulio
994 5028 1244 5120 incubantes
1270 5026 1512 5132 observavi,
1554 5059 1606 5138 aq
1634 5057 1712 5146 pro
1747 5025 1934 5113 secunda

1459 5217 1489 5291 9
