4734 6070
1009 493 1158 556 ΕΞ
1837 509 1925 595 109

233 697 464 822 quidquam
490 699 771 788 subaremunt.
838 696 1044 786 Foemina
1072 695 1137 786 ibi
1165 694 1211 786 in
1230 692 1351 790 'nuda
1378 687 1511 792 horno
1542 703 1739 814 incubat,
1780 708 1929 827 pluvia

233 857 365 945 etiam
398 875 672 971 tempestate,
730 876 775 938 et
812 885 899 940 mas
936 851 1136 940 excubias
1174 886 1298 971 agens
1327 887 1451 944 canes
1480 880 1525 944 et
1552 857 1747 948 homines
1774 864 1929 978 jacula·

233 1013 403 1100 bundus
444 1031 570 1114 arcet,
642 1009 738 1094 Ouo
778 1007 957 1094 anatinis
1001 1008 1195 1124 aequalia
1234 1010 1451 1100 olivaceo·
1472 1040 1642 1128 grysea,
1692 1015 1931 1108 rufescente

232 1185 419 1284 guttam,
461 1163 546 1250 duo
582 1191 750 1278 semper
777 1185 822 1248 et
854 1140 1051 1249 totidem·
1073 1163 1197 1279 pulli.
1264 1168 1450 1252 iuniores
1483 1163 1649 1273 stolidi,
1695 1167 1741 1254 in
1775 1169 1932 1258 Tauria

231 1321 474 1434 frequenter
510 1315 735 1434 capiuntur
767 1339 993 1433 antequam
1027 1317 1171 1402 volare
1205 1317 1448 1408 didicerunt
1497 1343 1542 1406 et
1569 1320 1774 1432 facillime
1815 1293 1926 1421 cicu-

209 1493 401 1612 rantur,
439 1491 488 1558 ut
512 1467 727 1588 pipiantes
754 1469 976 1558 hominem
1003 1492 1228 1589 sequantur
1256 1496 1299 1558 et
1326 1476 1529 1590 pabulum
1555 1499 1745 1592 poscant.
1815 1475 1929 1592 Pipi·

231 1641 323 1712 tunt
352 1624 481 1710 istum
506 1628 701 1711 crebrum
730 1627 1004 1732 continuant,
1050 1627 1186 1712 donec
1213 1625 1377 1742 plumas
1405 1657 1504 1715 vere
1533 1652 1723 1733 mutant;
1766 1651 1860 1716 tum
1888 1659 1930 1716 e·

230 1777 325 1882 nim
361 1777 510 1894 gmina
542 1808 648 1865 voce
685 1778 888 1866 crocitare
925 1774 1139 1896 incipiunt
1150 1841 1165 1881 ,
1221 1779 1402 1886 rariore,
1455 1805 1501 1868 et
1526 1781 1776 1900 praesertim
1814 1781 1931 1869 edita

230 1959 365 2050 quum
391 1929 558 2018 insoliti
585 1931 690 2049 quid
716 1932 905 2019 viderint
917 1969 933 2029 ,·
967 1929 1072 2018 hinc
1099 1930 1287 2050 optimae
1316 1937 1509 2022 custodes
1537 1957 1583 2022 et
1611 1937 1841 2024 admodum
1869 1933 1930 2020 vi·
2012 1979 2019 1990 ·

233 2083 370 2202 giles,
420 2105 718 2172 extraneorum
755 2114 923 2202 quoque
960 2086 1188 2172 adventum
1203 2059 1436 2176 nunciant.
1506 2057 1733 2178 Caeterum
1760 2085 1929 2176 homini

231 2235 294 2324 ita
323 2239 601 2340 adsuescunt,
640 2262 688 2324 ut
713 2239 915 2356 pabulum
944 2269 969 2324 e
998 2269 1126 2324 manu
1150 2263 1300 2355 petant
1324 2241 1562 2330 famelicae.
1620 2243 1828 2358 Hyemale
1856 2240 1928 2328 fri·

233 2419 307 2508 gus
343 2388 620 2509 impatienter
654 2392 818 2490 lerunt,
870 2412 1058 2477 attamen
1092 2393 1184 2478 sine
1219 2397 1378 2510 pedum
1419 2397 1627 2482 nudorum
1656 2395 1926 2499 detrimento,

233 2541 338 2632 licet
364 2543 467 2630 inde
494 2543 662 2662 sanguis
689 2543 869 2632 subinde
898 2544 1106 2652 stillaret,
1154 2578 1285 2663 usque
1315 2550 1369 2634 ad
1404 2563 1449 2638 15
1479 2552 1629 2664 gradus
1657 2546 1930 2634 Reaumuriass

231 2728 309 2785 uos
337 2698 561 2816 pertulisse
588 2697 694 2785 vidi.
752 2697 987 2813 Frigidiore
1017 2715 1112 2787 aere
1142 2700 1328 2786 libenter
1353 2701 1611 2804 insolantur;
1652 2719 1810 2786 aestate
1837 2699 1929 2815 plu·

231 2851 349 2938 riam
384 2873 430 2937 et
463 2879 602 2938 rorem
641 2883 773 2967 aquae
806 2852 1069 2938 artificialem
1108 2876 1340 2970 expetunt,
1383 2853 1562 2944 humido
1589 2846 1774 2970 gaudent
1800 2873 1846 2940 et
1866 2851 1930 2940 la·

230 3028 347 3093 rant.
407 3009 562 3094 Serena
589 3027 843 3124 tempestate
870 3004 983 3092 inter
1010 3035 1054 3091 se
1082 3006 1210 3094 miras
1242 3006 1418 3096 choreas
1446 3031 1596 3124 agunt,
1625 3005 1822 3124 expansis
1851 3004 1931 3093 elit

229 3157 279 3247 in
313 3156 519 3246 circulum
553 3161 810 3288 desultantes
839 3182 885 3246 et
911 3161 1056 3247 modov
1078 3189 1284 3248 concursu
1316 3162 1438 3280 quasi
1464 3181 1750 3278 pugnaturae,
1797 3161 1929 3246 modo

233 3312 366 3398 altera
395 3313 571 3400 alteram
600 3313 891 3428 exagitantes,
947 3312 1112 3399 ludunt.
1187 3314 1294 3403 Vidi
1323 3315 1454 3402 etiam
1488 3311 1721 3400 solitariam
1748 3309 1928 3398 invilla

229 3469 451 3554 detentam
489 3464 737 3586 praesertim
777 3469 854 3554 sub
896 3493 1114 3582 vesperam
1155 3466 1356 3556 choream
1390 3470 1640 3572 saltantem,
1688 3489 1734 3552 et
1760 3485 1928 3582 arrepto

227 3647 484 3738 quocunque
514 3624 684 3736 objecto
712 3620 959 3724 ludentem,
1013 3621 1130 3735 quod
1157 3619 1204 3706 in
1233 3624 1364 3708 altum
1403 3627 1647 3738 projectum
1679 3643 1815 3706 rostro
1841 3647 1930 3703 sae·

227 3771 328 3892 pius
354 3774 612 3892 excipiebat.
679 3773 833 3862 Adulti
860 3803 995 3860 mares
1024 3773 1240 3891 zelotypi,
1290 3748 1470 3862 electam
1499 3771 1749 3892 praesertim
1775 3766 1928 3858 foemi-
2008 3888 2013 3896 ⁶

229 3957 330 4014 nam
357 3927 667 4031 custodientes,
708 3928 812 4014 licet
840 3927 1017 4014 biennes
1045 3929 1232 4016 nondum
1260 3927 1563 4045 prolificationi
1591 3923 1696 4046 apti·
1760 3910 1928 4013 cosan·

226 4099 325 4178 tes,
352 4081 538 4168 foemina
564 4081 761 4201 expansis
790 4078 868 4169 alis
897 4105 942 4171 et
970 4105 1147 4170 extenso
1175 4083 1288 4168 collo
1317 4080 1562 4184 decumbit,
1614 4107 1704 4166 mas
1729 4077 1928 4196 expansis

226 4233 337 4322 item
364 4235 442 4320 alis
469 4236 727 4350 supervenit.
785 4241 840 4320 Et
866 4237 1020 4324 mirum
1048 4243 1131 4351 jam
1159 4232 1272 4320 inter
1300 4236 1467 4353 pullos,
1516 4231 1723 4321 foeminas
1752 4232 1928 4318 adsueto

227 4385 408 4496 bomine
443 4411 683 4476 transeunte
718 4387 917 4476 similiter
949 4397 1034 4505 jam
1070 4387 1354 4494 decumbere,
1398 4417 1533 4475 mares
1567 4413 1734 4503 semper
1762 4404 1927 4470 erectos
2038 4371 2042 4382 Α

225 4565 366 4632 rostro
380 4541 554 4642 minari3
582 4545 695 4629 unde
710 4573 832 4630 sexus
847 4549 934 4658 jam
948 4566 1049 4630 tunc
1063 4539 1256 4659 dignosci
1276 4561 1463 4670 possunt,
1504 4537 1732 4656 Pugnaturi
1754 4537 1841 4623 alas
1855 4563 1928 4620 ex·

224 4697 439 4816 pandunt,
467 4695 637 4814 erigunt
658 4698 817 4785 collum
840 4717 886 4783 et
906 4695 1103 4800 sibilantr
1130 4697 1296 4813 plumas
1315 4693 1470 4812 capitis
1490 4691 1595 4805 colli
1616 4713 1660 4776 et
1679 4688 1814 4806 juguli
1827 4685 1927 4774 arri·

226 4871 389 4968 gentes.
431 4855 596 4938 lnsecta
611 4873 659 4935 et
668 4849 887 4966 quaelibet
898 4848 1069 4968 reptilia
1082 4849 1291 4966 colligunt
1302 4845 1487 4949 curiose;
1516 4848 1704 4948 lacertas,
1734 4841 1824 4929 imo
1838 4871 1928 4927 mu·

225 5029 296 5094 res
316 5003 500 5113 oblatos,
532 5001 780 5126 praesertim
803 5001 936 5114 rivos,
966 5025 1134 5112 vorant,
1172 5021 1410 5121 serpentem
1430 5019 1677 5120 porrectum
1698 4994 1779 5098 diu,
1792 5015 1927 5085 roms
