4734 6070
751 683 931 795 XLIV.
994 679 1956 795 Rucuttvtttos‘rttu

651 1139 863 1230 Auotnels
889 1161 934 1226 et
960 1137 1139 1257 pedibus
1165 1137 1363 1258 palmatis
1390 1141 1444 1228 ab
1484 1135 1680 1226 omnibus
1707 1139 1941 1225 Grallerunr
1977 1137 2182 1254 genetibus

510 1293 651 1386 alienu
680 1293 795 1398 avis,
823 1316 966 1380 temen
993 1317 1150 1398 rostro,
1181 1291 1354 1397 habitu,
1386 1291 1613 1380 semoribus
1641 1295 1835 1395 nudatis,
1875 1291 2122 1409 proteritate
2147 1315 2185 1380 et

510 1450 624 1536 vitoe
652 1475 804 1564 genere
832 1447 877 1532 in
907 1446 1142 1533 Grallsrum
1171 1448 1319 1534 ordine
1347 1447 1528 1532 naturali
1569 1445 1717 1562 utique
1757 1443 1976 1530 militabit.
2043 1450 2114 1529 Est
2137 1473 2185 1534 ex

509 1600 565 1694 iis
583 1597 844 1717 generibus,
885 1629 1062 1713 quorum
1090 1598 1367 1715 paucissimae
1396 1597 1559 1714 species
1600 1597 1645 1682 in
1675 1605 1834 1686 Natura
1863 1629 2002 1684 rerum
2036 1596 2185 1683 inveni·

510 1780 661 1854 untur;
689 1783 769 1838 nec
796 1774 938 1838 tamen
957 1752 1039 1839 ulli
1067 1752 1152 1838 alio
1180 1750 1326 1869 generi
1357 1753 1482 1840 facile
1511 1751 1823 1860 adsocieudum,
1854 1753 1957 1838 licet
1984 1781 2112 1870 prope
2138 1749 2185 1838 ad

509 1915 703 2028 Tryngas
732 1905 917 1990 accedat

693 2161 811 2262 278.
900 2154 1635 2268 RECURVIROSTRA
1720 2157 2021 2252 Avosotto.

650 2369 692 2458 R
732 2372 831 2458 olbo
859 2367 1064 2484 nigroque
1092 2369 1220 2454 varia.
1275 2371 1367 2454 Ltn.
1396 2389 1501 2482 sytt.
1530 2369 1627 2452 xil.
1655 2369 1690 2453 Ι.
1720 2402 1760 2485 p.
1791 2379 1886 2458 256.

729 2527 894 2610 Morsu.
923 2522 1075 2607 danub.
1104 2526 1154 2609 V.
1184 2523 1268 2608 tob.
1301 2538 1369 2628 34.

728 2677 913 2762 Brittan.
942 2707 1027 2760 orn.
1062 2679 1130 2760 Vl.
1162 2711 1202 2793 p.
1234 2689 1327 2762 538.
1351 2676 1436 2761 tab.
1464 2691 1532 2786 47.
1551 2675 1638 2789 fig·
1668 2707 1707 2765 α.

737 2829 858 2915 Zool.
888 2828 1036 2913 britan.
1065 2861 1107 2943 p.
1145 2843 1231 2934 134.
1261 2829 1343 2912 tab.
1373 2828 1422 2912 G.

735 2967 973 3082 Avocette',
1021 2981 1240 3068 D'aubent.
1286 2993 1385 3100 pict.
1433 2982 1519 3068 tab.
1570 2991 1665 3070 353.
1745 2985 1910 3098 Buffott·
1960 3011 2050 3072 om·
2089 2979 2193 3070 Vm·
2321 2965 2322 2995 ³

789 3131 875 3219 tab.
906 3144 974 3220 38.

735 3283 950 3401 Scooping
977 3291 1170 3392 Armet,
1199 3291 1391 3375 lotham.
1420 3319 1486 3376 ov.
1516 3288 1563 3370 V.
1594 3323 1635 3404 p.
1665 3306 1759 3404 o93.
1788 3323 1829 3380 n.
1864 3327 1899 3378 t.

623 3410 799 3532 Ilosiice
827 3441 1010 3524 Morsltoi
1036 3443 1149 3526 tutat
1176 3439 1358 3548 (marina
1382 3439 1625 3558 Scolopox).

625 3589 840 3704 Mougolis
872 3591 1133 3705 Tsclrongottl
1146 3643 1158 3658 ·
1173 3597 1284 3679 atat.

621 3743 830 3858 Tungusis
856 3743 1067 3830 Dauuriae
1100 3747 1515 3862 Tsclroptrclrogaldl.

654 3891 779 3984 Circa
806 3895 922 3980 lacus
950 3898 1078 3984 salsos
1105 3919 1149 3984 et
1185 3899 1355 3984 lacunas
1397 3903 1483 3988 sale
1524 3903 1835 3994 efflorescentes
1874 3905 2008 3992 totius
2050 3897 2195 3991 deserti
2317 3905 2318 3941 ¹

514 4045 708 4166 euspici,
735 4045 931 4148 tetarici,
971 4049 1218 4165 praesertim
1252 4051 1363 4140 circs
1393 4086 1508 4142 mare
1537 4059 1725 4176 caspium
1751 4058 1798 4145 in
1824 4059 1973 4146 insulis
2000 4082 2045 4143 et
2072 4045 2195 4142 brevi·
2316 4089 2317 4177 p

511 4195 617 4304 bus,
644 4199 690 4286 in
719 4199 880 4289 taurica
908 4197 1199 4307 Chersoneso,
1229 4205 1330 4292 dein
1359 4209 1411 4292 od
1442 4208 1562 4314 lrtin,
1593 4213 1817 4330 denuoque
1844 4213 1891 4298 in
1921 4211 2075 4331 apricis
2094 4213 2195 4292 nau·

512 4349 630 4438 uriae
657 4374 704 4439 et
729 4381 808 4470 per
835 4352 1079 4468 Mongolioe
1106 4357 1269 4442 deserta
1299 4359 1470 4475 copiose
1497 4363 1706 4463 occunit;
1734 4364 1780 4451 in
1808 4365 2000 4454 boreales
2016 4389 2118 4448 vero
2141 4356 2194 4440 lt·
2315 4357 2316 4413 t

512 4499 720 4592 titudines
747 4536 833 4592 uon
861 4507 994 4594 venit.
1049 4515 1222 4596 Aestate
1258 4512 1550 4616 subsolitsria,
1577 4540 1776 4605 autumno
1804 4517 2018 4634 gregario,
2051 4513 2097 4600 in
2123 4507 2193 4596 sic·
2314 4619 2315 4651 Ν

512 4679 565 4740 co
591 4654 751 4771 pariter
776 4657 908 4744 currit
933 4681 977 4744 et
1006 4657 1124 4774 aquis
1152 4661 1339 4764 innatat,
1382 4689 1427 4752 et
1454 4669 1706 4756 vermiculos
1746 4670 1918 4788 copiose
1947 4669 2097 4756 lituum
2122 4657 2191 4750 tel·

510 4833 603 4892 sum
630 4811 960 4924 pertundentes,
987 4833 1119 4898 rostro
1152 4815 1331 4916 effodit,
1357 4817 1463 4906 lieet
1490 4821 1637 4910 debili.
1696 4826 1869 4910 Volatus
1896 4821 2033 4926 celer,
2062 4813 2189 4932 agilis.
2313 4835 2314 4887 l

510 4957 760 5062 diuturnus,
799 4961 973 5048 Venelli
1001 4965 1213 5070 aemulus3
1254 5001 1340 5060 uox
1367 4969 1481 5058 iuter
1507 4976 1759 5063 currendum
1784 4997 1831 5064 et
1858 4975 2086 5064 volendum
2113 4989 2191 5056 ero·

2307 5877 2309 5983 l
