4770 6042
731 701 905 796 Foolisb
939 698 1145 814 Bunting,
1201 697 1390 780 batham.
1417 723 1511 806 syn.
1540 691 1617 779 m.
1647 725 1689 810 p.
1723 727 1735 777 ι
1745 725 1812 804 9¹·
1841 725 1880 782 η.
1911 731 1976 810 27.

625 861 800 952 Rossice
860 885 1027 974 quoque
1087 851 1232 940 Durbls
1282 845 1470 958 (stultus)
1507 867 1553 930 et
1608 847 1870 935 Duratschok
1923 845 2195 962 (stulticulus)

678 1014 926 1133 appellatur.

658 1177 708 1254 In
736 1165 949 1253 montibus
979 1156 1132 1278 apricis
1160 1153 1318 1242 saxosis
1347 1153 1459 1239 circa
1485 1153 1698 1240 Jeniseam
1727 1153 1843 1240 etin
1870 1151 1987 1240 omni
2014 1155 2198 1241 Dauuria

518 1321 807 1441 copiosissima
837 1315 943 1420 avis,
985 1313 1089 1399 licet
1116 1311 1162 1396 in
1204 1305 1402 1394 citeriore
1439 1306 1594 1396 Sibiria
1630 1307 1861 1422 Bossiaque
1903 1339 2106 1422 nusquam
2134 1341 2200 1425 ap·

515 1473 716 1598 paruerit·
773 1473 1027 1556 Stellarus
1055 1461 1184 1548 etiam
1216 1463 1267 1546 ab
1296 1463 1464 1574 Angara
1493 1481 1538 1544 et
1566 1467 1679 1546 Lena
1707 1487 1836 1577 usque
1866 1459 1912 1544 in
1941 1459 2199 1546 Camtschat·

511 1661 605 1718 cam
647 1623 800 1743 apricis
840 1617 947 1706 locis
982 1617 1193 1702 abundare
1222 1611 1402 1734 scripsit.
1476 1617 1692 1699 Autumno
1720 1643 1796 1729 per
1822 1612 1939 1731 paria
1967 1614 2036 1698 vel
2064 1615 2201 1730 plures

518 1775 751 1870 consociati
779 1775 825 1860 in
849 1769 1063 1858 montibus
1090 1772 1256 1874 volant,
1285 1795 1392 1853 voce
1419 1773 1517 1854 zi-zi
1543 1763 1794 1871 tinnientes,
1825 1790 1868 1852 et
1896 1767 2043 1854 crebro
2071 1765 2203 1851 consi·

516 1931 631 2020 dent.
703 1935 842 2014 Mares
881 1923 1037 2040 hyeme
1078 1941 1383 2036 congregantur
1426 1941 1550 2032 atque
1592 1917 1703 2002 circa
1732 1916 1884 2004 horrea
1912 1917 2203 2036 pinguescunt.

516 2081 744 2170 Foeminae
772 2078 819 2166 in
849 2075 1090 2164 australiora
1121 2075 1288 2176 abeunt,
1319 2095 1363 2157 et
1389 2073 1568 2156 redeunt
1594 2071 1756 2186 Aprilis
1783 2069 1910 2155 initio
1941 2069 2203 2178 macilentae,

521 2243 551 2352 (a
566 2227 866 2354 prolificationi
894 2228 1066 2314 forsitan
1094 2227 1154 2314 sic
1185 2225 1365 2343 aptiores
1382 2229 1412 2334 :)
1441 2253 1538 2307 curn
1568 2222 1763 2307 foeminis
1790 2219 2028 2336 Pithyomi.

658 2387 830 2473 Descr.
892 2381 1139 2494 Magnitudo
1168 2381 1254 2462 fere
1285 2375 1548 2463 Citrinellae.
1604 2378 1796 2460 Rostrum
1824 2375 2006 2480 fuscum,
2045 2359 2234 2462 'mandi-¹

518 2540 620 2632 bula
648 2537 795 2625 livida.
864 2539 1002 2649 Caput
1030 2561 1152 2647 supra
1180 2529 1344 2614 intense
1376 2525 1685 2642 ferrugineum
1740 2527 1926 2645 occipite
1962 2551 2006 2614 et
2040 2528 2207 2616 cervice

520 2689 678 2814 plumis
721 2689 886 2806 pallido
936 2681 1196 2798 marginatis.
1280 2685 1430 2766 Fascia
1472 2677 1754 2795 supraciliaris
1798 2681 1915 2784 alba;
1972 2713 1996 2766 a
2039 2681 2207 2767 naribus

520 2869 636 2934 trans
676 2841 822 2930 oculos
850 2839 988 2952 nigra,
1047 2836 1257 2951 usquead
1287 2831 1449 2916 aurium
1479 2863 1616 2917 aream
1659 2832 1960 2948 ferrugineam,
2018 2837 2094 2920 sub
2130 2824 2239 2949 qua'

524 2999 666 3086 denuo
692 2995 840 3078 ductus
871 2991 1008 3096 albus,
1050 3011 1095 3074 et
1122 2985 1306 3101 denique
1340 3015 1362 3068 a
1393 2983 1637 3068 mandibula
1664 2985 1860 3099 utrinque
1891 2986 2029 3102 niger,
2068 3017 2209 3073 versus

522 3145 739 3268 parotides
766 3143 985 3230 latescant.
1027 3143 1137 3230 Gula
1164 3139 1250 3224 late
1281 3133 1637 3224 canescenti-alba
1654 3173 1673 3264 ;¹
1690 3138 1822 3222 latera
1850 3139 1953 3226 colli
1981 3171 2099 3226 cana.
2146 3144 2210 3226 lu·

520 3307 670 3420 gulam
706 3295 872 3382 intense
912 3294 1219 3410 ferrugineum,
1262 3294 1414 3393 latera,
1456 3300 1785 3408 uropygiumque
1825 3291 2019 3399 dilutius,
2065 3289 2211 3376 limbis
2330 3355 2331 3360 a

525 3453 763 3568 plumarum
792 3445 958 3552 albibis,
987 3445 1129 3532 media
1156 3445 1299 3532 subtus
1327 3441 1416 3526 avis
1444 3443 1552 3528 alba.
1609 3445 1790 3530 Dorsum
1816 3474 1965 3560 gryseo
1986 3447 2211 3546 rufescens,

526 3601 645 3688 fusco
672 3599 903 3686 lituratum.
969 3601 1157 3712 Remiges
1186 3611 1209 3687 5
1239 3595 1399 3715 primae
1428 3626 1500 3680 ora
1529 3595 1652 3700 alba,
1704 3597 1923 3711 proximae
1951 3621 2114 3688 tantum
2144 3629 2213 3684 ex·

528 3775 690 3856 tremo,
718 3751 929 3863 reliquae,
967 3749 1247 3865 tectricesque
1276 3744 1667 3860 rufo-marginatae
1696 3747 1913 3836 universae
1948 3767 2005 3840 ιδ.
2063 3755 2214 3838 Rectri·

491 3900 496 3912 ’
529 3923 596 3992 tes
625 3937 663 3992 2.
694 3902 861 3990 mediae
890 3901 1050 3990 ambitu
1077 3901 1344 4004 mlescentes,
1387 3899 1607 4014 proximae
1636 3899 1854 4003 acutiores,
1892 3903 2046 4017 nigrae,
2085 3919 2212 3992 3-5

531 4057 655 4176 apice
683 4058 828 4153 albae,
884 4053 1069 4188 extimae
1098 4051 1295 4166 utrinque
1326 4085 1362 4136 2.
1391 4053 1535 4157 albae,
1585 4053 1676 4138 basi
1703 4053 1876 4171 obliqua
1903 4077 1947 4140 et
1975 4054 2125 4141 rhachi
2155 4055 2213 4142 ni·

531 4220 644 4328 grae.
662 4259 710 4277 -
739 4213 1031 4304 Foemince5
1059 4227 1199 4292 vertex
1226 4205 1441 4310 cinereus,
1470 4236 1590 4321 supra
1623 4207 1766 4292 oculos
1794 4207 2140 4324 ferruginesccns‚
2165 4207 2214 4292 li·

528 4359 636 4446 turis
661 4357 843 4478 scapinio
872 4359 1027 4456 fuscis,·
1069 4389 1166 4444 area
1191 4359 1419 4444 oculorum
1438 4360 1554 4462 alba,
1580 4337 1714 4474 genae
1740 4359 1952 4476 pallidae,
1995 4395 2113 4450 aures
2141 4363 2213 4447 ob·
2328 4337 2329 4410 l

538 4511 670 4598 solete
690 4509 977 4624 ferrugineae3
1007 4513 1080 4595 aed
1094 4509 1174 4595 lori
1189 4510 1299 4624 nigri
1312 4509 1536 4622 vestigium
1563 4513 1739 4614 nullurr'n
1764 4535 1919 4598 tractus
1943 4514 2217 4599 fuscolitura·

534 4685 613 4766 tus,
638 4661 735 4746 loco
748 4661 900 4747 fasciae
916 4659 1159 4746 maxillaris.
1187 4661 1411 4746 Caeterum
1427 4661 1557 4776 magis
1570 4666 1756 4764 decolor.
1784 4669 1911 4752 Pedes
1923 4663 2074 4782 grysei,
2091 4664 2216 4750 inter·
2327 4709 2328 4712 κ

535 4811 675 4898 nodiis
701 4812 1040 4898 luscescentibus.
1081 4813 1244 4898 Pontius
1266 4815 1360 4930 plus
1383 4813 1520 4900 minus
1543 4799 1722 4902 unciale.
1763 4823 1954 4905 Mensura
1977 4820 2030 4903 ad
2041 4847 2215 4934 uropyg.

537 4975 599 5056 3⁰.
629 4967 700 5052 ⁵⁰2
727 4965 883 5050 caudae
912 4975 970 5050 2⁰.
985 4969 1057 5074 7‘'‘.
1085 4963 1243 5048 alarum
1266 4995 1541 5082 expansamm
1566 4967 1627 5076 9''.
1641 4972 1712 5055 am.
1732 4971 2057 5087 compositarum
2073 4983 2132 5058 δ”.
2146 4971 2215 5054 a“‘.
