4734 6070
968 505 1138 620 ’,Γ-’ἑ
1816 495 1906 606 ¹⁶⁷

212 735 379 825 unoque
407 703 653 810 clamitans,
704 730 809 792 vooe
839 701 926 792 lere
942 757 955 770 ·
969 701 1291 824 gallopavonis3
1347 707 1548 798 exterrita
1576 708 1639 797 nil
1668 709 1752 800 nisi
1779 747 1906 806 rauca

210 891 317 952 voce
345 864 468 948 Kisa!
522 855 726 946 clamitat.
791 857 1009 975 Pisciculis
1037 858 1217 978 aliisque
1246 862 1450 978 aquaticis
1478 864 1660 952 vescitur
1687 890 1733 952 et
1758 891 1903 970 tamen

210 1047 358 1106 earnes
385 1012 700 1133 sapidissimae;
743 1013 819 1098 sed
847 986 1050 1098 citissilne
1078 1014 1296 1130 putrescit.
1353 1018 1578 1108 Nidulatur
1604 1018 1650 1104 in
1680 1019 1905 1108 arundine.

209 1169 280 1260 tis.
352 1171 447 1256 Oua
475 1195 624 1282 gryseo
638 1219 652 1232 -
666 1164 953 1252 cinerescente
968 1217 981 1231 ·
996 1165 1183 1281 pallida,
1224 1169 1400 1255 maculis
1429 1191 1474 1254 et
1499 1169 1649 1260 lituris·
1667 1172 1793 1258 variis
1820 1205 1905 1262 ma·

209 1323 305 1441 gnis
333 1320 458 1410 bracis
486 1341 532 1405 et
558 1317 881 1406 obsoletioribus
908 1341 1044 1406 totum
1073 1343 1411 1436 conspurcatum
1441 1321 1511 1408 axi
1537 1289 1604 1411 au.
1639 1335 1713 1412 rm.
1743 1327 1904 1415 diame-

205 1498 276 1563 tro
310 1493 371 1562 1¹¹.
401 1479 497 1572 bam.
570 1478 668 1558 Post
704 1467 1021 1559 incubationem
1056 1494 1253 1588 parentes
1288 1504 1384 1595 cum
1414 1477 1568 1562 adultis
1597 1479 1725 1596 pullis
1752 1503 1908 1568 turma·

206 1627 292 1718 tim
327 1647 554 1745 vagantur,
608 1646 653 1712 et
686 1624 869 1740 Augusti
904 1627 985 1710 fine
1025 1626 1195 1712 abeunt.
1267 1632 1317 1712 In
1354 1631 1555 1745 Aegypto
1595 1631 1906 1721 autumnalibus

204 1781 424 1870 mensibus
453 1798 655 1897 apparent
681 1780 925 1896 (Haradu).
982 1785 1033 1864 In
1060 1778 1210 1896 Belgio
1238 1778 1450 1866 rarissimo
1472 1785 1672 1902 exemplo
1686 1786 1904 1894 erraticae,

202 1932 460 2052 praesertim
496 1932 700 2044 juniores,
752 1953 966 2048 apparent.
1037 1935 1079 2016 V
1076 1942 1268 2022 arietates
1307 1935 1359 2018 ab
1397 1955 1534 2022 aetate
1567 1967 1644 2055 pro
1686 1939 1909 2058 speciebus

205 2085 389 2174 diversis
415 2109 644 2204 posuerunt
671 2079 903 2189 auctores,
917 2107 961 2170 et
990 2084 1259 2202 triplicarunt
1287 2084 1470 2174 unicam.

349 2244 480 2355 Dese
490 2274 523 2327 r.
551 2243 728 2326 laniaris
754 2236 884 2355 primi
913 2237 1038 2322 annis

300 2395 548 2510 Magnitudo
577 2424 699 2509 supra
726 2395 972 2507 Arquatam.
1035 2395 1229 2478 Rostrum
1253 2391 1376 2508 nigro
1391 2445 1405 2458 ·
1419 2391 1655 2502 livescens,
1701 2398 1818 2488 sulco
1847 2425 1911 2482 su·

202 2581 289 2670 pra
325 2576 471 2652 nares,
531 2546 699 2664 alioque
728 2577 752 2630 a
778 2544 948 2632 naribus
984 2567 1104 2646 orto,
1159 2546 1415 2634 obsoletiore
1452 2548 1652 2635 maxillae
1680 2549 1906 2650 inferioris,
2013 2609 2019 2624 ·

203 2727 442 2792 exaratum.
546 2704 709 2814 Lingua
745 2697 792 2782 in
831 2699 1018 2784 faucibus
1054 2703 1252 2816 parvula,
1307 2700 1588 2816 triangularis.
1664 2703 1907 2788 Membrana

200 2861 325 2946 nuda
351 2857 463 2942 inter
497 2884 632 2941 ramos
672 2852 871 2938 maxillae
898 2873 946 2938 et
977 2850 1090 2938 circa
1117 2854 1240 2942 ro‘stri
1276 2854 1423 2959 basin,
1474 2863 1649 2970 loroque
1677 2858 1763 2944 late
1792 2857 1907 2944 nuda

204 3017 307 3124 (seu
334 3009 470 3127 prima
495 3009 642 3122 facies)
673 3010 789 3093 fusco
805 3004 965 3121 ·nigra.
1021 3007 1248 3123 Palpebrae
1277 3007 1394 3094 fusco
1408 3065 1426 3081 -
1442 3011 1708 3096 latescentes.
1775 3010 1905 3096 Irides

202 3164 384 3252 cinereo
399 3166 580 3248 ·luscae.
638 3165 774 3277 Caput
802 3191 896 3246 curn
927 3166 1033 3246 collo
1063 3161 1179 3246 fusco
1194 3207 1207 3221 ·
1222 3160 1368 3276 nigra,
1422 3163 1581 3247 collum
1608 3192 1732 3279 saepe
1761 3167 1906 3250 subtus

201 3317 325 3406 notis
349 3314 595 3401 transversis
624 3313 730 3399 albis
759 3312 948 3414 varium;
977 3314 1072 3400 aliis
1102 3316 1290 3415 luscum,-
1317 3313 1439 3430 nigro
1457 3365 1469 3380 ·
1486 3339 1747 3431 punctatum.
1806 3317 1904 3404 Cor·

203 3503 293 3590 pus
319 3501 442 3588 supra
472 3467 666 3584 nigrum,
709 3473 789 3554 alis
816 3475 1035 3584 caudaque
1064 3468 1202 3554 nitore
1230 3469 1404 3552 obscure
1433 3467 1593 3554 viridi·
1610 3499 1776 3580 aeneo,
1818 3472 1908 3560 rio·

203 3625 335 3716 laceo
373 3623 562 3708 variante
598 3619 797 3710 nitidum.
865 3625 973 3709 Alae
1000 3619 1259 3738 compositae
1288 3620 1513 3736 primariae
1555 3623 1909 3741 secundariaeque

201 3805 378 3896 pennae
406 3777 583 3860 caudam
613 3799 806 3892 aequant.
878 3779 1026 3863 Gauda
1056 3773 1254 3889 aequalis.
1314 3775 1441 3862 Pedes
1467 3773 1603 3890 nigri,
1645 3776 1791 3892 digitis
1820 3779 1909 3864 lon·

203 3931 303 4048 gis,
355 3929 467 4046 plica
495 3930 751 4016 exteriorem
780 3935 1032 4016 adnectente
1059 3927 1235 4027 latiore;
1288 3959 1445 4040 ungues
1472 3926 1617 4043 longi,
1664 3929 1908 4046 acuminati,

203 4085 372 4173 medius
406 4083 607 4169 interiore
637 4081 728 4168 acie
758 4081 983 4199 aliquoties
1012 4103 1216 4168 crenatus.

353 4237 501 4322 Adulti
540 4233 742 4352 perfecti:
799 4239 963 4324 Collum
990 4257 1035 4320 et
1066 4263 1212 4350 carpus
1246 4231 1390 4320 subtus
1428 4255 1566 4324 totum
1611 4233 1909 4326 saturatissime

202 4389 443 4506 sanguineo
458 4441 473 4454 -
487 4385 738 4503 ferrugines.
796 4392 839 4477 V
834 4412 972 4493 erten,
1016 4389 1181 4474 dorsum
1209 4407 1254 4472 et
1282 4393 1375 4476 atae
1402 4386 1734 4504 fulgidissimae,
1776 4388 1908 4478 viola·

203 4573 294 4636 ceo
337 4541 546 4665 viridique
587 4541 775 4630 variante
815 4546 979 4639 nitore;
1030 4563 1209 4627 rostrum
1252 4563 1296 4625 et
1336 4545 1467 4657 pedes
1496 4569 1521 4627 e
1548 4539 1776 4628 virescenti
1804 4563 1904 4662 atra.

205 4696 348 4784 Linea
375 4697 665 4782 coerulescens
692 4703 772 4783 lari
799 4694 903 4782 nudi
931 4700 978 4780 in
1007 4695 1203 4780 maribus.
1260 4695 1391 4782 Irides
1419 4693 1684 4781 virescente·
1700 4693 1907 4784 cinereae.

202 4851 381 4940 Pondus
420 4845 693 4962 sesquilibrae
722 4851 793 4936 vel
820 4853 953 4955 ultra,
1010 4845 1202 4934 minusve
1229 4843 1276 4932 in
1303 4845 1538 4960 junioribus
1571 4867 1617 4931 ι’.
1648 4857 1709 4934 δ”.
1741 4859 1819 4940 511‘.
1847 4877 1910 4936 ro·

207 4999 290 5092 stri
319 5015 386 5113 4“.
416 5018 495 5090 am·
524 5003 682 5092 caudae
710 5012 778 5114 4“.
808 5031 1085 5126 expansarum
1115 5000 1273 5092 alarum
1295 4998 1537 5124 tripedale,
1566 4999 1691 5088 ulnae
1724 5012 1814 5092 rat‘.
1839 5019 1913 5091 ,aa
