4778 6044
1013 423 1158 516 τέ
1328 573 1335 583 ,
1831 477 1917 560 303

226 697 312 751 non
341 659 619 747 carunculnta.
663 663 712 741 In
744 657 888 744 medio
915 658 1077 746 vertice
1102 685 1146 747 et
1172 661 1328 756 iterum
1353 663 1400 753 in
1428 666 1569 754 nucha
1588 672 1757 788 plumae
1777 676 1918 784 laxae,

114 803 122 830 ’
226 819 446 929 elongatae
475 808 616 928 specie
646 817 814 912 cristae,
872 815 987 927 quod
1021 843 1106 898 non
1148 825 1350 932 pelagico.
1422 824 1582 936 Corpus
1608 846 1745 912 totum
1774 830 1918 917 aterri·

224 1001 360 1070 mum,
391 964 683 1081 splendidum,
711 962 830 1078 quasi
857 987 1052 1070 unctum,
1082 967 1220 1055 nitore
1248 970 1398 1088 capitis
1426 996 1471 1058 et
1497 975 1600 1062 colli
1625 983 1810 1093 (praeter
1838 980 1921 1068 cri-

224 1149 307 1210 stas
334 1117 581 1226 viridantes)
615 1118 813 1205 coeruleo
842 1149 915 1204 seu
942 1117 1176 1234 chalybeo,
1230 1125 1390 1210 alarum
1424 1124 1633 1216 violaceo.
1701 1133 1921 1222 Abdomen

226 1275 363 1362 minus
392 1270 514 1358 nitet.
586 1275 701 1356 Pone
730 1271 848 1358 basin
877 1274 1085 1359 femorum
1113 1285 1279 1366 maculo
1304 1279 1502 1396 utrinque
1531 1282 1653 1382 alba,
1692 1283 1919 1402 triangula-

223 1429 295 1514 ris.
362 1429 471 1512 Alae
499 1424 707 1538 uropygio
735 1424 976 1512 breviores:
1032 1425 1213 1542 remiges
1243 1443 1309 1518 ab.
1338 1429 1529 1546 rigidae,
1577 1433 1748 1550 nigrae,
1791 1438 1920 1526 tertia

226 1577 493 1696 longissima,
535 1591 559 1666 5
590 1577 752 1694 priores
781 1602 971 1666 extremo
1000 1581 1343 1695 subaugustatae,
1371 1586 1642 1672 secundariae
1670 1612 1791 1676 extus
1821 1590 1909 1677 vio-

225 1737 446 1821 lascentes.
493 1733 666 1828 -Cauda
707 1743 721 1833 (
724 1754 772 1816 ut
812 1731 859 1818 in
899 1731 1204 1848 congeneribus
1243 1737 1381 1840 nuda,
1420 1739 1665 1825 testricibus
1700 1740 1917 1849 destituta,

225 1885 481 2002 rigidissima
496 1891 526 1997 ,)
556 1883 826 1972 cuneisormis
840 1946 856 1986 ,
895 1885 1081 1991 detrita',
1129 1888 1318 1975 exsoleta
1347 1891 1491 2006 nigra,
1521 1891 1918 2008 duodecimpennis.

226 2041 356 2128 Pedes
382 2037 523 2152 nigri;
549 2049 708 2154 unguis·
725 2037 852 2153 digiti
880 2039 1056 2126 secundi
1086 2037 1264 2126 interius
1294 2045 1347 2128 acl
1374 2065 1393 2156 ξ
1420 2043 1678 2158 marginatus
1702 2068 1748 2130 et
1775 2077 1918 2140 arenas

219 2219 309 2301 tus,
339 2223 485 2288 omnes
512 2191 769 2279 robustiores
794 2224 922 2308 quam
948 2196 1003 2278 A.
1033 2193 1249 2310 pelagian,
1289 2219 1333 2280 et
1366 2195 1499 2310 magis
1529 2197 1698 2284 adunci.
1753 2201 1918 2286 Mensu-
1956 2258 1966 2285 .

218 2379 289 2434 rae
317 2381 341 2433 a
368 2333 695 2434 summo'rostro
723 2347 776 2430 ad
804 2343 1058 2461 uropygium
1093 2351 1138 2432 1'.
1175 2359 1257 2433 10⁰.
1290 2348 1361 2434 6'‘'.
1404 2347 1529 2434 rostri
1558 2351 1612 2434 ad
1639 2350 1824 2435 frontem
1859 2363 1914 2438 1⁰.

224 2501 317 2584 10⁰2
347 2502 401 2585 ad
429 2497 582 2583 rictum
612 2497 670 2583 s‘'.
705 2498 777 2604 9'''.
808 2497 935 2583 ulnae
975 2499 1138 2584 alarum
1174 2506 1256 2584 10''·
1286 2513 1357 2586 Bm.
1401 2503 1559 2586 caudae
1590 2509 1651 2590 δ”.
1680 2501 1750 2608 ’9”’.
1777 2499 1913 2586 tibiae

225 2653 281 2738 1‘'.
320 2654 413 2739 rom.
443 2650 571 2766 digiti
599 2648 752 2735 extimi
781 2655 898 2758 (cum
927 2679 1025 2764 ung.
1056 2651 1148 2763 δ”.)
1177 2653 1235 2738 δ”.
1266 2654 1337 2760 9”’.
1366 2623 1543 2740 secundi
1571 2657 1628 2763 (c.
1659 2685 1701 2740 u.
1731 2662 1822 2768 7'‘'.)
1854 2654 1916 2740 εἶ’.

224 2805 316 2890 rom.
345 2801 462 2890 tertii
492 2806 550 2914 (e.
580 2833 622 2886 u.
653 2806 757 2915 blm.)
796 2801 856 2888 a''.
884 2805 957 2908 tm.
986 2800 1131 2889 intimi
1159 2807 1217 2912 (c.
1246 2833 1288 2888 u.
1317 2808 1410 2918 tm.)
1445 2809 1499 2892 r''.
1529 2811 1601 2894 3’”.

356 2959 471 3042 Not.
515 2957 743 3042 Pelecanus
784 2954 1019 3060 violaceus,
1060 2957 1256 3042 Pennont.
1298 2957 1419 3044 Zool.
1448 2978 1552 3044 arat.
1580 2961 1637 3042 Π.
1665 2991 1706 3072 ρ.
1737 2969 1831 3064 584.
1860 2963 1916 3048 Β.

218 3113 407 3196 Latbom.
438 3143 504 3196 av.
535 3111 607 3194 Vt.
636 3143 676 3224 p.
707 3124 801 3195 600.
830 3142 869 3193 n.
906 3124 968 3198 16.
998 3107 1184 3194 Gmelin.
1214 3131 1313 3224 syst.
1345 3108 1439 3195 Lin.
1470 3115 1527 3194 11.
1555 3141 1598 3226 p.
1630 3124 1723 3222 575·
1752 3141 1815 3228 sp.
1843 3147 1914 3200 aa.

219 3295 243 3348 e
271 3261 478 3350 Pelecano
505 3260 676 3349 cristato
703 3263 934 3348 eorundem
961 3259 1106 3379 specie
1130 3291 1217 3348 non
1244 3260 1397 3348 differe
1436 3260 1625 3362 videtur,
1679 3291 1761 3350 nec
1802 3261 1917 3358 mihi

220 3437 342 3500 notus
377 3413 466 3501 hic.

219 3665 336 3760 366.
371 3665 1149 3762 PHALACROCORAX
1182 3669 1493 3789 pelagicus.
1536 3667 1670 3759 raa.
1694 3665 1914 3763 LXXVI.

356 3883 401 3964 P.
432 3874 822 3992 atro-chalybeus,
852 3877 966 3965 collo
991 3877 1194 3993 plumulis
1219 3876 1464 3964 linearibus¹
1479 3873 1594 3962 albis
1619 3905 1779 3993 sparsO,
1810 3877 1917 3970 loris

214 4031 513 4149 palpebrisque
541 4029 684 4137 nudis,
741 4025 1104 4148 rubropapillosis.

436 4186 596 4273 Corvus
623 4181 861 4302 aquaticus,
892 4185 1076 4270 Morslsoi
1107 4181 1200 4267 Un'l
1226 4181 1342 4269 Stall.
1370 4177 1457 4266 obs.
1484 4179 1576 4264 MS·
1605 4181 1803 4271 Lakhm·

325 4337 468 4424 Rossis
496 4338 544 4424 in
573 4333 871 4427 camachatca
898 4339 1080 4424 Morsltoi
1113 4335 1218 4421 Urit.

324 4489 494 4577 Aleutis
520 4493 711 4611 Agajok,
764 4489 1036 4577 ulterioribus
1062 4490 1310 4608 Ajascbuto.

359 4643 467 4730 Cum
495 4647 777 4760 praecedente
816 4641 943 4730 maris
973 4637 1281 4730 Camtscbatisi
1316 4635 1537 4728 orientalis
1562 4659 1607 4722 et
1634 4637 1911 4726 Ameriaana·

215 4825 311 4881 rum
349 4793 578 4882 insulamm
633 4795 795 4903 incola,
851 4791 1099 4910 praesertim
1146 4791 1340 4908 scopulos
1381 4779 1693 4874 a'continente
1739 4789 1908 4902 longius

214 4971 399 5038 remotos
426 4951 696 5066 frequentans
724 4947 799 5036 ubi
825 4967 870 5036 et
895 4945 1153 5059 hybernant'.
1206 4941 1423 5046 Motibus,
1447 4963 1497 5025 ut
1523 4938 1663 5046 facie,
1688 4937 1917 5026 bieriststo
