4696 6054
434 503 524 586 ²70
1195 497 1345 550 -···-·-··-

432 703 600 790 luderet
625 723 671 788 et
697 703 861 820 species
888 699 1205 817 multiplicaret,
1236 697 1400 787 diceres
1428 697 1540 788 hanc
1569 722 1623 783 ex
1637 696 1691 779 A.
1705 691 1838 780 lerina
1861 714 1904 780 et
1927 701 2121 816 sequenti

431 855 632 970 genitam.
692 859 858 945 Pondus
885 853 1155 967 sesquilibra,
1182 853 1253 938 vel
1281 852 1408 969 paulo
1435 855 1558 940 ultra.
1614 852 1809 934 Mensura
1835 851 2120 940 totar'.1“.o.

431 1007 557 1094 rostri
591 1011 646 1094 1⁰.
684 1009 777 1095 ro'''.
808 1014 917 1120 (ejus
944 1005 1126 1092 latitudo
1155 1006 1244 1115 9''‘.)
1274 1009 1431 1091 caudae
1462 1009 1523 1092 n''.
1552 1003 1620 1091 a“‘.
1648 1027 1924 1114 expansarum
1960 1003 2120 1092 alarum

430 1161 655 1276 bipedale3
683 1147 811 1246 ulnae
838 1163 897 1272 7'.
929 1191 952 1242 a
980 1188 1143 1244 summo
1171 1161 1304 1243 rostro
1332 1159 1385 1242 ad
1414 1180 1601 1244 eternum
1630 1155 1690 1267 7''.
1719 1152 1791 1260 tm.
1829 1151 2031 1242 tibiarum
2066 1159 2121 1243 r''.

432 1310 561 1428 digiti
589 1313 718 1400 medii
750 1318 814 1423 (c.
843 1341 885 1397 u.
916 1310 1028 1422 dim.)
1060 1311 1120 1395 a'‘.
1148 1308 1221 1418 4'“.
1249 1307 1405 1428 postici
1433 1318 1519 1436 pf.

648 1681 765 1772 350.
855 1671 1072 1764 ANAS
1143 1673 1435 1794 hyemalis.
1510 1671 1641 1770 TAB.
1716 1669 1908 1762 LXXII.

570 1933 625 2015 A.
656 1931 790 2032 lusca,
837 1927 980 2011 subtus
1011 1921 1177 2028 albida,
1236 1945 1369 2010 metm
1397 1919 1537 2026 brevi,
1595 1921 1767 2036 speculo
1795 1921 1954 2006 alarum
1981 1921 2121 2009 diviso

430 2080 698 2198 iridibusque
726 2079 852 2184 albis,
909 2075 1088 2191 pedibus
1115 2077 1433 2163 lutescentibus.

651 2239 768 2318 Anas
796 2235 903 2334 fera,
958 2227 1099 2344 capite
1127 2231 1315 2334 subrufo,
1372 2226 1512 2314 minor
1539 2225 1738 2331 Aldrov.,
1794 2229 2120 2318 Messerschmid.

711 2389 857 2472 omith.
884 2383 974 2466 MS.
1001 2385 1036 2464 Ι.
1066 2415 1107 2496 p.
1142 2394 1231 2467 115.

652 2543 768 2626 Anas
796 2536 989 2638 cinereo,
1048 2534 1166 2633 albo,
1222 2532 1427 2650 nigmque
1456 2533 1682 2650 variegata,
1740 2529 1879 2648 eapite
1910 2556 2123 2638 castaneo,

708 2695 893 2776 Kromer.
922 2705 962 2771 et
989 2707 1114 2774 aoso.
1143 2721 1183 2803 p.
1214 2701 1307 2793 341.
1335 2719 1398 2806 sp.
1435 2701 1515 2793 14?

651 2849 723 2928 An
749 2848 864 2926 Anas
892 2837 1122 2944 latirostra,
1178 2843 1397 2926 Brennica.
1422 2839 1514 2927 orn.
1544 2841 1631 2927 bor.
1660 2874 1701 2955 p.
1731 2873 1797 2923 ar.
1827 2869 1869 2922 n.
1897 2871 1966 2945 9¹·

653 3001 770 3080 Anas
798 2992 951 3078 Marila
980 2995 1252 3108 (perperam)
1310 2993 1418 3079 Poll.
1446 3002 1532 3078 itin.
1561 2997 1615 3075 Π.
1644 3025 1683 3109 p.
1715 3003 1780 3078 25.

548 3148 724 3235 Rossice
752 3149 980 3231 Kamennoi
1011 3147 1208 3231 Tschirok
1236 3146 1552 3262 (Querquedula
1582 3143 1800 3262 rupestris)
1831 3147 1885 3233 ad
1911 3145 2130 3237 Baicalem

604 3303 857 3387 Techcrisch.

544 3449 787 3539 Baschkiris
817 3450 1102 3535 Alatschdber.
1159 3448 1368 3567 Tungusis
1394 3452 1528 3536 Κακὴ.
1618 3501 1622 3511 ,

571 3611 622 3687 In
647 3599 901 3688 torrentibus
929 3600 1207 3716 rapidissimis
1235 3602 1445 3689 montium
1458 3603 1726 3690 Uralensium
1755 3623 1800 3688 et
1827 3603 2025 3707 Sibiriae,
2052 3611 2129 3726 qui

435 3785 650 3872 nunquam
678 3752 1015 3867 conglaciantur,
1044 3755 1239 3870 circaque
1271 3757 1437 3872 tepidas
1465 3755 1757 3870 scaturigines,
1787 3756 1943 3872 passim
1971 3757 2128 3876 hyber-

436 3933 511 3998 nat
538 3906 776 4025 sporadica,
816 3929 861 3992 et
887 3931 1044 3994 aestate
1072 3938 1240 4024 quoque
1268 3912 1425 3993 fluenta
1451 3933 1495 3994 et
1521 3910 1636 3993 lacus
1665 3933 1906 4015 montanos,
1956 3945 2126 4002 saxosos

436 4085 568 4166 emat,
609 4059 743 4146 immo
769 4058 883 4145 inter
908 4061 1143 4146 fluitantem
1170 4059 1390 4148 fluminum
1420 4059 1600 4176 glaciem
1627 4064 1825 4148 audacter
1850 4085 1979 4150 natat.
2037 4073 2127 4152 Me·

437 4215 512 4304 dio
534 4212 640 4328 Maji
666 4217 751 4324 jam
778 4242 875 4297 cum
903 4215 1031 4328 pullis
1059 4213 1149 4300 vidi
1190 4237 1405 4300 natantem
1439 4211 1484 4298 in
1518 4213 1665 4299 rivulis
1693 4236 1737 4299 et
1771 4215 1939 4300 fluentis
1965 4219 2125 4306 orolen-

438 4365 565 4456 sibus.
623 4373 673 4448 In
701 4365 1019 4465 Camtschatca,
1046 4370 1074 4450 S
1082 4373 1261 4452 tellero
1290 4369 1559 4467 observante,
1598 4371 1675 4456 sub
1703 4365 1926 4482 hyemem,
1957 4375 2124 4486 quando

437 4523 524 4632 jam
567 4547 713 4604 omnes
756 4540 924 4602 anatum
965 4517 1127 4632 species
1172 4518 1479 4634 demigrarunt,
1537 4519 1710 4638 copiose
1740 4523 1912 4606 demum
1940 4523 2123 4640 capitur,

437 4699 575 4783 neque
604 4699 752 4757 omnes
778 4699 855 4786 per
895 4667 1096 4784 hyemem
1131 4673 1314 4758 avolant.
1387 4672 1510 4762 Circa
1538 4705 1651 4762 mere
1680 4675 1869 4794 caspium
1897 4675 1943 4762 in
1972 4677 2126 4794 alpinis

438 4823 604 4908 Persiae
633 4823 752 4910 omni
777 4845 969 4938 tempore
997 4821 1096 4908 anni
1124 4825 1366 4912 observavit
1400 4831 1657 4920 emelinus
1676 4837 1763 4952 jon.
1833 4817 1993 4917 Volant
2019 4861 2125 4936 raro,

438 4995 586 5061 natant
624 4975 960 5094 expeditissime.
