4734 6070
988 499 1135 550 Ξ

556 732 670 825 285.
753 723 1201 821 scotopax
1272 733 1569 851 parason.

357 1008 398 1092 S.
428 1001 529 1091 loris
569 1003 792 1120 fasciisque
831 1002 1080 1090 frontalibus
1108 1004 1258 1109 fuscis,
1301 1015 1487 1123 'corpore
1516 1037 1638 1125 supra
1665 1006 1904 1125 ferrugineo
1963 987 1967 1000 ⁹

225 1161 390 1268 striato,
421 1161 562 1244 subtus
590 1156 860 1244 transversim
887 1155 1086 1262 fasciato,
1117 1157 1362 1244 tectricibus
1388 1161 1509 1275 apice
1539 1160 1658 1248 albis.

436 1309 656 1396 Rusticola
683 1339 755 1394 seu
784 1308 993 1424 Scolopax
1022 1309 1189 1409 media,
1217 1313 1371 1397 Frisch.
1403 1345 1468 1399 αυ.
1498 1315 1581 1402 tab.
1613 1325 1729 1406 aad!

442 1469 569 1552 Great
598 1461 752 1577 Snipe,
781 1463 972 1546 Latiam.
1002 1494 1068 1546 ov.
1099 1465 1149 1547 V.
1178 1495 1218 1577 p.
1258 1477 1347 1550 133.
1374 1495 1436 1580 sp.
1465 1485 1506 1575 4.

326 1617 471 1706 Rossis
498 1614 765 1702 venatoribus
791 1617 998 1700 Leshenols
1025 1613 1309 1730 (humicuba).

325 1769 536 1888 Tungusis
563 1770 840 1855 Dslzinnelsun.

326 1923 529 2039 Jueagiris
554 1922 743 2008 Kuldrilt.

357 2079 465 2165 Cum
493 2076 773 2193 praecedente
801 2071 846 2158 in
873 2074 1113 2162 borealibus
1153 2081 1326 2168 Rossiae
1354 2105 1399 2167 et
1431 2077 1610 2167 Sibiriae
1649 2079 1912 2197 palustribus

216 2238 481 2329 observatur,
509 2261 534 2312 a
561 2227 679 2312 nullo
708 2247 942 2330 auctorum,
973 2253 1140 2344 praeter
1165 2234 1204 2315 F
1208 2241 1472 2338 risclzium,
1506 2233 1705 2320 distincte
1734 2235 1908 2337 tradita,

218 2355 323 2474 licet
351 2379 620 2471 venatoribus
646 2377 877 2492 germanis,
920 2383 997 2465 sub
1025 2384 1198 2469 nomine
1231 2389 1380 2472 Wald-
1398 2389 1547 2474 bruch-
1564 2389 1765 2501 Schnepf,
1808 2389 1913 2474 satis

222 2563 331 2626 nota.
398 2545 567 2620 Venatu
606 2530 792 2618 difficilis
835 2553 921 2634 est,
981 2533 1138 2651 quippe
1166 2537 1211 2623 in
1239 2539 1497 2625 densissimis
1537 2541 1748 2652 sylvarum
1790 2545 1905 2656 palu·

229 2693 366 2778 strium
393 2679 548 2776 velseri
577 2716 729 2772 amans.
812 2691 863 2769 In
891 2688 1205 2776 australioribus
1232 2713 1397 2778 tantum
1424 2690 1690 2805 migrationis
1713 2713 1909 2808 tempore

230 2869 405 2964 apparet.

355 3003 523 3085 Descr.
566 2997 857 3110 Magnitudiue
885 2998 1069 3082 secunda
1097 3028 1120 3080 a
1149 2997 1369 3083 Rusticola
1398 3029 1472 3083 seu
1499 2998 1641 3084 media
1670 2995 1783 3086 inter
1810 3025 1910 3085 ean·

227 3152 317 3238 dem
346 3176 389 3238 et
418 3149 742 3265 Gallinaginem.
823 3150 965 3234 Rostri
989 3151 1146 3252 forma,
1201 3151 1322 3236 utin
1352 3151 1584 3237 Rusticola.
1657 3154 1765 3237 Lora
1793 3153 1907 3238 lusca

220 3327 265 3390 et
294 3311 454 3420 fasciae
482 3307 588 3390 duae
617 3304 840 3405 frontales,
895 3331 973 3417 per
1013 3302 1219 3388 verticem
1262 3303 1490 3408 dilatatae,
1547 3325 1594 3386 ut
1634 3302 1908 3418 Gallinagini.

217 3459 460 3573 Variegotio
487 3454 591 3542 colli
619 3453 816 3566 dorsique
844 3451 1026 3553 similis,
1068 3457 1142 3540 sed
1170 3455 1428 3571 elegantior3
1478 3456 1622 3542 subtus
1650 3481 1788 3542 autem
1820 3486 1909 3542 cor·

209 3643 294 3728 pus
324 3615 478 3723 fasciis
516 3607 758 3693 transversis
799 3605 957 3720 nigris,
1002 3607 1450 3722 grymo-adumbratis
1463 3669 1477 3706 ,
1531 3577 1908 3698 inordinatioribut

210 3795 343 3880 quarn
383 3763 429 3848 in
472 3761 702 3848 Rusticola.
771 3760 946 3843 Alarum
975 3783 1020 3843 et
1065 3773 1248 3849 tectrices
1282 3795 1426 3850 omnes
1463 3784 1509 3847 et
1535 3771 1758 3847 vestitrices
1787 3761 1908 3878 apice

212 3917 365 4022 albae,
424 3945 508 4031 quo
546 3913 730 3998 maxime
769 3911 1085 4026 distinguentur
1112 3947 1135 3999 a
1164 3917 1447 4033 Gallinagine.
1519 3915 1663 4000 Cautio
1705 3913 1906 3998 lateribus
2044 3971 2048 3980 ·

210 4069 389 4182 oblique
420 4070 539 4172 alba,
596 4067 728 4180 magis
755 4058 882 4180 quam
909 4065 955 4149 in
984 4067 1264 4182 Gallinagine.
1331 4073 1460 4155 Pedes
1492 4065 1753 4183 proceriores
1782 4093 1910 4179 quam

209 4222 489 4321 Rusticulae,
530 4223 770 4334 lemoraque
799 4219 852 4302 ad
880 4215 1188 4333 semipollicem
1218 4225 1455 4321 denudata3
1511 4220 1635 4334 digiti
1663 4217 1791 4332 paulo
1817 4218 1910 4302 bre·

208 4373 357 4462 viores
400 4405 525 4492 quam
568 4369 829 4486 Gallinagini
868 4372 1053 4486 posticus
1094 4345 1398 4488 unguiculatus.
1434 4459 1440 4482 ¹
1471 4379 1527 4457 Et
1554 4369 1663 4456 haec
1691 4367 1835 4454 omnia
1862 4369 1909 4456 in
2042 4355 2049 4368 ’

211 4527 413 4642 plurimis
450 4525 777 4644 speciminibus,
830 4520 1012 4609 interae
1040 4547 1085 4610 et
1112 4556 1208 4611 cum
1235 4527 1427 4613 affinibus
1459 4519 1726 4640 comparatis.
1796 4525 1911 4608 Men·

209 4707 314 4766 sura
343 4682 465 4768 rostri
496 4683 552 4768 a‘'.
584 4687 671 4790 3l'''·
711 4676 834 4762 ulnae
871 4678 1031 4763 alarum
1072 4680 1132 4765 δ”.
1162 4679 1234 4792 7'‘'.
1263 4679 1395 4767 tibiae
1441 4684 1495 4765 1⁰.
1525 4679 1596 4768 3⁶2
1623 4673 1751 4792 digiti
1778 4671 1913 4763 medii

211 4833 335 4940 (cum
365 4865 407 4926 u.
438 4836 543 4950 alm.)
576 4835 632 4920 1⁰.
662 4835 734 4923 5‘'‘.
1099 4810 1102 4818 Ι

645 5047 653 5058 x
739 5019 1372 5048 mm
