4770 6042
958 436 1204 532 ..a
1502 587 1510 600 1
1911 457 1966 566 ¹5

273 699 424 766 contra
457 705 536 794 per
566 693 699 762 totam
733 673 929 760 Rosciam
963 695 1008 762 et
1039 673 1237 762 Sibiriam
1275 672 1434 794 ubique
1471 675 1736 770 numerosior
1763 701 1808 769 et
1834 677 1974 798 magia·

274 831 523 914 universalis
552 851 615 913 est
645 831 838 932 Linarr’a,
878 856 984 942 quae
1012 827 1170 942 hyeme
1197 827 1328 916 etiam
1354 830 1400 916 in
1428 832 1554 917 cultis
1589 855 1634 917 et
1659 833 1966 950 temperatiori-

274 983 356 1068 bus
384 983 580 1068 abundat.
653 981 889 1092 Quaedams
904 1009 960 1064 ex
987 977 1072 1065 hoc
1099 1009 1270 1094 genere,
1315 1006 1362 1067 ιιι
1387 991 1433 1068 Ρ.
1462 985 1709 1070 domesticae
1736 1007 1780 1070 et
1807 1007 1964 1072 monta·

272 1167 376 1240 nuc,
424 1131 609 1221 crassitie
638 1130 762 1220 rostri
790 1135 842 1218 ad
871 1130 1094 1218 Coccothr.
1136 1133 1387 1220 Chloridem
1415 1137 1647 1235 accedunt,
1691 1167 1788 1222 cum
1810 1168 1891 1252 qua
1921 1157 1968 1223 et

271 1287 329 1370 ad
356 1286 508 1372 Loxias
538 1284 684 1370 retulit
709 1289 923 1370 Amineas.
950 1285 1174 1370 Pennant
1203 1287 1269 1397 (in
1296 1290 1414 1374 Zool.
1447 1289 1574 1399 brit).
1630 1293 1692 1372 At
1721 1288 1854 1372 multo
1883 1283 1961 1372 mi·

269 1436 367 1522 nori
392 1445 484 1552 jure
514 1439 568 1524 ad
595 1438 839 1524 Emberizas
866 1435 1007 1550 coegit
1034 1439 1277 1524 carrinatem
1305 1464 1350 1525 et
1375 1444 1545 1558 Sputum
1572 1442 1658 1525 Cel.
1687 1441 1921 1555 Scopuli.

391 1687 503 1781 185.
592 1681 947 1803 PASSER
1036 1685 1339 1780 CardueIIc
1392 1687 1528 1782 TAB
1580 1683 1842 1781 XXXVIII.

405 1901 448 1980 P.
479 1925 575 1982 area
602 1917 779 1983 rostrum
817 1891 1031 1982 ambiente
1071 1896 1298 2004 coccinea,
1351 1897 1584 2014 remigibus
1606 1895 1726 2002 basi,
1773 1888 1958 1983 rectrici-

260 2045 428 2162 buaque
456 2047 578 2163 apice
606 2049 725 2134 flavis
752 2045 958 2160 albisque.
1327 2046 1335 2060 ’

493 2201 715 2290 Carduelis
743 2222 971 2304 auctorum,
1008 2200 1229 2318 Willugbb,
1257 2235 1342 2288 orn.
1372 2233 1414 2320 p.
1450 2215 1541 2312 189.
1560 2203 1645 2290 tab.
1668 2215 1737 2310 46.
1765 2201 1855 2322 Raj.
1886 2229 1955 2288 aa·

539 2385 581 2469 p.
611 2367 676 2464 89.
707 2387 747 2438 n.
785 2392 817 2437 ι.
858 2353 1011 2436 Fnrch.
1046 2383 1111 2436 av.
1139 2358 1172 2440 Ι.
1202 2375 1299 2440 rect.
1335 2391 1369 2440 1.
1400 2355 1485 2442 tab.
1520 2394 1554 2442 ι.
1574 2360 1660 2468 fag.
1692 2369 1728 2442 3.
1758 2373 1796 2460 4.
1839 2335 1986 2438 Brit·¹

538 2537 625 2594 son.
654 2539 740 2592 orn.
769 2509 804 2590 I.
835 2537 876 2620 p.
906 2516 972 2590 53.
1003 2505 1221 2592 D'auberrt.
1250 2516 1347 2621 pict.
1376 2505 1463 2594 tab.
1483 2525 1524 2614 4.
1549 2521 1657 2592 cum'
1671 2507 1820 2592 variet.
1841 2505 1951 2588 alba.

485 2659 685 2764 Luteola,
714 2661 854 2748 Albin.
885 2689 952 2742 av.
979 2661 1014 2745 Ι.
1042 2658 1128 2744 tob.
1159 2672 1224 2766 64.
1654 2635 1657 2642 ’

480 2812 685 2926 Fringilla
713 2809 959 2904 Carduelis,
986 2814 1073 2896 Ltn.
1102 2832 1208 2926 ryat.
1240 2814 1337 2898 XII.
1367 2815 1401 2899 I.
1431 2847 1467 2929 p.
1499 2826 1591 2902 318.
1621 2842 1685 2932 ap.
1714 2847 1757 2926 7«

481 2959 703 3049 Lettonice
729 2964 864 3080 ligiis
890 2962 962 3046 vel
988 2967 1231 3066 Kummulis3
1260 2963 1460 3051 Esthonir
1491 2967 1642 3082 Tiglr'ta
1660 2949 1952 3083 agermanico·

372 3114 545 3203 Rossice
572 3115 884 3229 Stacheglenolr3
913 3105 1157 3200 Malorossis
1185 3117 1410 3230 Stachegol.

369 3268 533 3354 Tataria
548 3267 727 3354 Sibiriae
742 3271 950 3382 Dragaler}
972 3263 1233 3384 llyschtimir
1246 3271 1392 3369 Kotor,
1416 3261 1948 3356 Easch'kirioDahebdabeIr.

395 3427 445 3506 ln
474 3419 624 3508 Roscia
664 3418 808 3520 omni,
856 3419 963 3506 locis
998 3417 1368 3538 temperatioribus
1394 3424 1537 3508 ‘etiam
1565 3445 1656 3508 tota
1683 3419 1841 3537 hyeme
1871 3420 1952 3520 fro·

256 3597 393 3688 quens
422 3571 662 3680 Carduelie,
718 3594 762 3658 et
788 3579 1010 3688 Europaeo
1037 3569 1306 3672 simillimum
1348 3572 1395 3657 in
1423 3573 1586 3690 campie
1613 3545 1952 3676 Borabensibus}
2032 3555 2034 3562 Α

258 3723 454 3839 circaque
481 3728 666 3811 Alta'r'caa
696 3725 813 3841 alp'es
840 3723 973 3838 magis
1001 3725 1288 3821 cinerescens3
1317 3721 1430 3808 circa
1456 3726 1667 3808 leniaeanr
1693 3724 1847 3810 itidem
1877 3750 1945 3812 co·

256 3873 428 3992 pineus,
457 3881 531 3964 sed
557 3901 669 3980 totus
696 3877 985 3982 cineraceam,
1014 3875 1238 3994 nigredine
1268 3871 1380 3959 circa
1407 3899 1534 3991 caput
1553 3875 1696 3976 nulla,
1725 3877 1778 3962 ad
1799 3879 1949 3972 eadem

260 4050 409 4113 cantus
443 4028 665 4115 nobilitate
701 4028 892 4144 insignis.
970 4033 1020 4113 In
1054 4025 1252 4114 orientali
1293 4025 1464 4110 demum
1498 4028 1679 4133 sibine,
1744 4027 1946 4143 omnique

259 4198 396 4264 tractu
426 4213 450 4266 a
478 4187 593 4266 Lena
621 4183 674 4266 ad
702 4178 1044 4269 Camtschatkarn
1072 4209 1202 4294 usque
1231 4178 1356 4294 plane
1385 4179 1556 4279 exulat,
1584 4178 1689 4264 licet
1716 4179 1869 4267 Cardui
1904 4199 1949 4264 et

256 4327 428 4446 plantae
456 4332 664 4450 capitatae
690 4337 800 4420 ultra
827 4333 1038 4418 Balcalem
1067 4353 1291 4418 excurrant
1318 4351 1361 4413 et
1382 4328 1429 4414 in
1450 4328 1601 4416 ultima
1628 4334 1798 4416 demum
1819 4346 1947 4414 trans·

258 4479 424 4568 lenensi
463 4483 635 4599 regione
671 4485 884 4574 deficiant.
955 4481 1071 4569 Mihi
1107 4484 1279 4597 quidem
1315 4478 1361 4564 iu
1395 4467 1814 4570 transbalcalenaibus
1843 4508 1944 4564 nun-

254 4662 385 4748 quam
421 4635 532 4722 visua
570 4659 659 4741 eat3
700 4637 1183 4726 Meccerschmldim
1209 4633 1320 4718 circa
1358 4636 1561 4748 Ingodam
1596 4635 1694 4715 fluv.
1732 4625 1949 4716 observari

251 4781 468 4904 perhibet.
542 4793 653 4903 Quas
683 4789 889 4896 lrcutiae,
937 4812 1088 4876 cantur
1110 4816 1232 4874 causa
1261 4782 1306 4868 in
1337 4785 1476 4870 caveis
1506 4784 1647 4884 alunt,
1701 4781 1947 4896 Crasnojaro

251 4937 314 5022 ad
351 4939 558 5026 leniseam
609 4941 866 5032 adseruntur.
950 4947 1031 5028 Pro
1071 4941 1164 5028 foro
1208 4935 1451 5024 Moscuenai
1491 4963 1673 5043 aucupes
1712 4930 1937 5051 quotannit
