4734 6070
414 485 733 588 ss·
1180 497 1433 552 ==-

409 733 533 794 cursu
570 699 682 790 inter
717 731 761 788 se
795 701 955 788 alarum
996 695 1152 786 ictibus
1179 697 1432 815 pugillatum
1468 723 1683 784 exercere.
1753 701 1913 784 Amant
1948 696 2106 802 ,otides

413 857 508 944 loca
536 853 841 960 desertissima,
871 855 1017 960 arida,
1048 856 1101 939 ab
1128 851 1246 968 aquis
1273 852 1399 966 longe
1427 873 1615 954 remota,
1654 849 1904 966 praesertim
1937 875 2107 960 aestate,

411 1006 731 1128 prolificationis
765 1031 974 1124 ternpore.
1041 1008 1176 1092 Nidus
1212 1007 1335 1092 fovea
1370 1035 1515 1120 parum
1551 1028 1780 1109 excavata,
1822 1009 1869 1090 in
1909 1005 2037 1121 plano
2065 1027 2110 1092 et

409 1164 524 1248 nudo
553 1193 716 1278 campe,
746 1158 1146 1279 pedali-diametro,
1174 1157 1363 1273 gramine
1392 1158 1606 1245 exsiccato
1626 1155 1947 1274 superficialiter
1967 1181 2108 1260 stratas

408 1317 502 1402 Oua
530 1347 607 1432 pro
634 1337 752 1402 tanta
780 1345 857 1402 ave
885 1345 1042 1430 parva,
1098 1310 1278 1396 anatinis
1307 1310 1605 1425 subaequalis,
1648 1309 1775 1413 bina,
1819 1287 1872 1396 ad
1900 1340 2110 1398 summum

406 1493 640 1584 quaterna,
683 1471 881 1584 pondere
915 1464 1134 1550 unciarum
1160 1481 1201 1570 4.
1230 1464 1299 1548 rel
1328 1482 1387 1571 44.
1416 1463 1623 1550 diametro
1673 1462 1866 1550 verticuli
1895 1465 1956 1552 δ”.
1981 1485 2113 1550 trans·

409 1625 531 1708 verso'
559 1623 688 1737 paulo
718 1651 840 1738 supra
869 1627 928 1704 a“.
959 1617 1101 1703 colore
1131 1613 1327 1703 olivaceo
1342 1669 1357 1683 ·
1371 1617 1655 1732 pallescente,
1684 1615 1821 1706 lituris
1848 1615 2109 1732 maculisque

391 1769 536 1860 ¹fuscis
579 1795 877 1889 conspurcata,
935 1772 1024 1855 fere
1063 1769 1195 1855 instar
1232 1797 1411 1855 ovorum
1451 1773 1680 1884 Arquatae.
1757 1771 1936 1856 Incubet
1974 1793 2112 1856 mater

408 1947 589 2040 quatuor
615 1923 897 2040 septimanas;
937 1919 1064 2008 Junio
1091 1929 1226 2038 pullos
1252 1919 1470 2025 excludit,
1509 1951 1688 2039 parvos,
1729 1921 1794 2008 uti
1820 1953 1929 2027 ova,
1973 1921 2110 2008 fusco·

410 2107 587 2193 gryseo,
630 2075 876 2192 pallidaque
922 2072 1292 2190 longitudinaliter
1331 2072 1495 2178 varios,
1548 2073 1830 2190 lanuginosos.
1900 2081 2111 2191 Percepto

409 2224 591 2314 homine
620 2258 707 2313 mas
736 2233 841 2314 s‘ono
868 2225 1181 2331 amoenissimo,
1209 2233 1342 2330 tenui,
1372 2227 1446 2311 sed
1474 2225 1601 2341 longe
1629 2226 1902 2315 exaudiendo
1936 2255 2113 2343 gregem

409 2383 638 2480 admonet;
667 2381 769 2466 dum
798 2379 901 2466 alias
930 2383 1017 2466 fere
1048 2401 1188 2464 mutae
1217 2378 1315 2464 sint.
1373 2376 1559 2492 Fugiunt
1584 2377 1769 2494 primum
1795 2411 1933 2484 cursu,
1962 2404 2112 2468 erecto

411 2533 545 2622 instar
572 2533 852 2650 Scolocapum
881 2534 1021 2638 collo,
1049 2535 1222 2619 tandem
1251 2533 1370 2617 tarde
1401 2553 1446 2616 et
1472 2533 1603 2645 longo
1629 2553 1767 2618 tractu
1796 2533 2032 2638 subvolant,
2061 2555 2114 2622 ut

409 2685 530 2786 alibi,
558 2683 749 2800 locisque
776 2685 964 2772 maxime
993 2683 1147 2803 apricis
1176 2683 1436 2772 consideant.
1494 2687 1666 2799 Sponte,
1696 2705 1816 2772 extra
1844 2683 2118 2802 migrationis

409 2861 577 2956 tempus
605 2838 680 2924 virt
710 2838 882 2936 volant,
938 2840 1013 2924 sed
1039 2835 1229 2923 tramites
1259 2835 1372 2922 circa
1397 2836 1522 2922 nidos
1551 2841 1757 2926 currendo
1786 2837 2005 2946 efficiunt,
2060 2837 2112 2928 in

409 2989 563 3106 quibus
592 2987 774 3076 Sibiriae
802 2987 970 3078 incolae
998 2992 1171 3106 laqueos
1200 3013 1380 3076 statuere
1408 2989 1557 3078 solent.
1614 2995 1709 3078 Mas
1738 2993 1848 3080 solus
1877 2995 1931 3078 ad
1956 3020 2113 3109 aquam

410 3141 605 3247 accedit,
647 3164 691 3228 et
727 3141 949 3230 incubanti
989 3141 1201 3230 foeminae
1241 3166 1390 3261 potum
1427 3143 1475 3229 in
1502 3173 1624 3232 sacco
1666 3135 1923 3264 ‘sublinguali
1969 3147 2112 3235 adfert

409 3295 487 3414 qui
514 3289 726 3382 foeminae
755 3298 883 3382 deest
944 3301 1059 3382 Haec
1087 3295 1203 3382 enim
1232 3293 1380 3382 nidum
1409 3327 1495 3384 non
1523 3295 1650 3384 facile
1680 3297 1863 3398 deserit,
1903 3321 1947 3388 et
1973 3327 2110 3418 prope

413 3469 654 3537 transeunte
685 3447 829 3564 equite
857 3471 1032 3535 extenso
1059 3450 1174 3537 collo
1202 3477 1245 3534 se
1274 3449 1475 3568 apprimit
1502 3473 1661 3557 terrae,
1698 3475 1745 3538 ut
1773 3451 1849 3540 xix
1878 3473 2111 3569 appareant

411 3599 607 3702 hominia
648 3603 723 3686 sed
751 3600 985 3718 sagaciores
1014 3603 1114 3720 equi
1142 3633 1266 3722 saepe
1295 3623 1521 3719 conspecta
1548 3602 1595 3690 in
1624 3603 1727 3690 nido
1755 3603 1888 3694 Otide
1917 3603 2111 3694 fulminis

410 3753 543 3844 instar
573 3752 738 3871 impetu
765 3757 980 3862 feruntur,
1025 3780 1069 3844 et
1096 3787 1218 3844 avem
1246 3755 1425 3876 pedibus
1454 3757 1718 3846 conculcant.
1775 3760 1911 3849 Curru
1937 3757 2022 3845 iter
2048 3761 2111 3846 fa-

411 3907 600 4014 cientes,
632 3910 734 3994 dum
760 3907 806 3994 in
833 3908 993 4028 campis
1019 3934 1271 4028 pascuntur,
1298 3943 1431 4030 prope
1460 3912 1661 3998 accedere
1692 3910 1933 4030 patiuntur,
1961 3941 2111 4030 specu·

412 4061 649 4166 labundae,
692 4063 768 4148 sed
806 4061 986 4149 minimo
1020 4060 1208 4152 hominis
1245 4087 1365 4180 gestu
1390 4066 1436 4152 in
1463 4069 1605 4182 fugam
1637 4087 1866 4152 vertuntur.
1936 4071 2110 4183 Equum

412 4215 484 4302 vel
511 4237 700 4300 armenta
728 4243 814 4300 non
841 4214 1022 4322 timent,
1077 4217 1152 4302 sed
1179 4213 1400 4304 hominem
1428 4249 1453 4304 e
1479 4219 1713 4335 longinquo
1741 4217 1929 4334 fugiunt,
1972 4219 2110 4308 etiarn

410 4365 632 4456 inermem.
701 4373 930 4484 Propterea
964 4391 1185 4456 venatores
1219 4371 1290 4458 vel
1325 4395 1421 4489 post
1454 4403 1610 4489 equum
1645 4373 1849 4480 latentes,
1899 4375 1970 4458 vel
1996 4372 2110 4466 tecti

409 4520 526 4610 lineo
553 4521 652 4608 velo
680 4523 795 4636 quod
822 4519 954 4606 instar
981 4519 1091 4610 scuti
1120 4545 1217 4608 ante
1245 4553 1290 4610 se
1319 4555 1550 4642 expansum
1578 4547 1752 4640 gerunt,
1783 4523 1894 4612 intra
1922 4525 2109 4644 sclopeti

406 4673 543 4766 ictum
576 4675 778 4760 accedere
815 4672 1071 4760 didicerunt.
1140 4676 1315 4765 Cosacci
1353 4681 1407 4765 ad
1441 4685 1603 4766 Tanain
1640 4709 1762 4796 supra
1790 4709 1914 4766 axem
1942 4681 2110 4768 duabus

406 4826 558 4916 rotulis
584 4827 832 4914 instructam
860 4825 1041 4944 virgulta
1069 4829 1200 4944 figunt
1215 4853 1259 4916 et
1281 4829 1342 4918 sic
1370 4832 1624 4950 reptabundi
1650 4855 1761 4920 rotas
1788 4857 1885 4920 ante
1900 4861 1945 4920 se
1958 4855 2109 4946 agunt,

402 5001 450 5070 ut
475 4999 574 5096 post
601 4981 784 5098 virgulta
809 4979 893 5070 illa
929 4981 1112 5072 latentes
1152 4980 1306 5076 Otides
1332 4984 1497 5074 fallant.
1567 4987 1725 5080 Carnes
1752 4985 2026 5108 pinguiorem
2056 5007 2110 5074 et
