4770 6042
1838 531 1930 622 -33

348 721 547 813 Coraecis
574 721 853 836 Illryvlschlm.

348 873 686 966 Camtschadalis
718 877 1039 992 Tylptsclzutscb
1050 910 1065 974 ‚·
1105 877 1440 970 occidentalibus
1472 885 1768 990 Tsclzelaolair
1798 887 1931 980 Ulrirt·

403 1029 462 1114 ais
489 1030 794 1114 Betschlsatsclt.

371 1187 461 1266 Hae
489 1211 587 1266 aves
615 1209 764 1266 zonam
792 1179 1017 1294 glacialem
1044 1181 1172 1270 totius
1201 1187 1350 1274 mundi
1378 1186 1547 1288 arctici,
1588 1193 1706 1310 slyva
1735 1194 1929 1282 destistu·

232 1359 344 1432 tam,
398 1363 641 1448 summaque
668 1339 764 1448 juga
793 1335 1010 1450 alpestria,
1060 1367 1136 1454 pro
1163 1339 1299 1454 patria
1328 1341 1411 1428 sibi
1437 1305 1676 1458 elegerunt,
1718 1347 1791 1434 ubi
1819 1347 1932 1463 proli

232 1519 409 1606 operam
448 1491 575 1587 dant;
633 1518 657 1570 a
695 1485 909 1614 Nopvagia
949 1488 1181 1606 Russiaque
1228 1523 1304 1609 per
1356 1489 1528 1582 onlnem
1565 1497 1763 1586 Sibiriam
1803 1522 1847 1584 et
1884 1498 1931 1584 in

232 1641 437 1729 America
462 1636 626 1726 boreali
654 1639 1031 1750 frequentissimae.
1100 1649 1264 1758 Hyeme
1292 1645 1338 1731 in
1368 1647 1460 1734 istis
1487 1649 1729 1766 regionibus
1770 1675 1930 1767 tempe·

233 1795 343 1881 stiva
369 1793 416 1878 in
444 1790 633 1878 mitiores
660 1788 905 1875 latitudines
934 1795 1214 1909 depelluntur.
1271 1803 1485 1918 Petropoli
1516 1807 1570 1890 ad
1597 1805 1734 1920 prima
1762 1825 1924 1888 autum·

233 1947 351 2032 nalia
378 1947 552 2062 frigora,
581 1941 761 2029 Octobri
788 1967 833 2028 et
861 1948 1117 2052 Novembri,
1158 1951 1344 2038 maxime
1373 1959 1614 2058 abundant3
1641 1956 1687 2041 in
1716 1953 1930 2042 australia·

233 2099 350 2184 ribus
379 2097 570 2202 Rossiae,
629 2095 682 2178 ad
708 2101 870 2180 Tanain
900 2121 944 2182 et
972 2101 1154 2214 Volgam
1193 2069 1423 2193 Decembri
1451 2112 1642 2213 demum,
1701 2138 1781 2194 nec
1810 2104 1932 2191 omni

232 2283 365 2352 anno,
395 2269 597 2368 apparent
625 2269 670 2332 et
698 2278 826 2361 usque
856 2252 909 2334 ad
937 2254 1210 2338 Februarium
1239 2259 1310 2342 vel
1337 2259 1510 2344 initium
1538 2261 1685 2345 Martii
1699 2255 1930 2376 gregariae,

230 2403 486 2492 centenariis
515 2431 637 2517 saepe
665 2401 826 2504 turmis,
856 2426 1071 2516 vagantur,
1101 2429 1273 2519 tumque
1305 2439 1403 2494 cunt
1429 2414 1601 2498 Alauda
1629 2422 1770 2516 nivali,
1803 2439 1929 2525 saepe

229 2557 350 2646 socia
375 2550 706 2673 septentrionem
735 2576 932 2669 repetunt
946 2555 1050 2640 etin
1066 2556 1341 2672 'frigidissima
1369 2563 1570 2677 paludosa
1602 2562 1782 2680 planitie
1806 2559 1930 2646 arcti⁴

226 2741 284 2800 ca
322 2710 542 2796 aestivant.
629 2704 935 2795 Chersonesum
974 2708 1178 2796 tauricum
1217 2742 1430 2826 nunquam
1471 2719 1627 2800 adeunt
1666 2714 1799 2799 etiam
1829 2709 1930 2826 rigi·

229 2865 408 2950 dissime
436 2861 607 2977 hyeme.
665 2869 715 2945 In
743 2857 910 2964 Sibiria,
939 2889 1024 2972 quo
1051 2860 1247 2977 frigidior
1275 2895 1416 2954 versus
1443 2869 1653 2956 orientem
1681 2863 1926 2981 temperies,

228 3045 288 3102 eo
328 3014 527 3150 maturius
554 3013 600 3098 in
630 3012 872 3098 australiora
914 3013 1095 3128 migrant
1101 3075 1114 3113 ,
1169 3038 1213 3100 et
1239 3017 1285 3101 in
1311 3020 1485 3134 regione
1530 3015 1842 3132 Crasnojarensi
1873 3017 1927 3100 ad

229 3169 443 3256 teniseam
470 3173 554 3280 jam
600 3163 777 3252 Ootobri
810 3167 1042 3270 abundant,
1101 3167 1279 3253 Alaudis
1309 3170 1538 3286 praedictis
1566 3194 1690 3286 atque
1719 3189 1928 3256 conterra-

230 3353 316 3409 neo
344 3329 511 3408 Passere
540 3319 697 3404 arctico
725 3347 849 3433 saepe
876 3318 1156 3406 consociatae.
1213 3327 1262 3408 Iu
1290 3321 1488 3409 orientali
1517 3320 1673 3410 Sibiria
1701 3321 1747 3406 in
1772 3345 1925 3434 genere

230 3473 511 3590 copiosiores,
554 3479 752 3586 majores,
780 3471 1012 3587 pulcriores
1041 3496 1136 3558 sunt
1163 3473 1421 3592 ulteriusque
1451 3481 1505 3563 ad
1533 3499 1716 3562 austrum
1744 3501 1923 3586 evagan-

231 3649 315 3713 tur.
386 3627 510 3714 Circa
537 3655 698 3711 summa
723 3631 821 3739 juga
851 3621 1048 3740 alpestria
1078 3626 1278 3734 Sibiriae,
1333 3659 1409 3744 per
1441 3653 1642 3716 aestatem
1670 3628 1769 3713 nive
1796 3645 1924 3728 tecta,

231 3802 391 3883 aestate
421 3811 588 3896 quoque
619 3801 856 3903 occurrunt.
914 3776 1055 3862 Etiam
1083 3807 1139 3862 ex
1168 3777 1482 3883 Camtschatca,
1511 3781 1669 3901 pariter
1696 3779 1851 3895 frigida
1881 3800 1927 3862 et

230 3932 396 4049 aprica,
425 3963 637 4046 nunquam
664 3929 921 4044 demigrant,
965 3951 1008 4014 et
1036 3934 1208 4031 eodem,
1247 3963 1330 4048 quo
1357 3929 1533 4049 hyeme,
1578 3929 1729 4018 habitu
1756 3962 1833 4047 per
1859 3928 1924 4013 in·

230 4109 398 4200 tegram
435 4107 636 4170 aestatem
675 4080 877 4167 visuntur.
948 4085 1166 4167 Habentur
1193 4107 1237 4169 et
1263 4083 1309 4168 in
1349 4085 1500 4170 Insulis
1529 4084 1685 4174 Curilis
1713 4108 1756 4169 et
1784 4109 1927 4166 versus

230 4236 475 4323 Americam
505 4236 610 4321 sitis.
666 4235 919 4348 Ubicunque
949 4232 1206 4350 hybernant,
1247 4239 1359 4321 fame
1387 4263 1558 4324 coactae
1586 4238 1697 4324 circa
1725 4263 1853 4351 pagos
1882 4253 1926 4315 et

234 4391 328 4475 vias
367 4420 493 4504 grana
532 4389 678 4503 legunt
706 4410 750 4473 et
778 4417 910 4472 avena
950 4386 1195 4503 praesertim
1226 4393 1279 4474 ad
1306 4392 1412 4476 retia
1453 4391 1715 4490 alliciuntur,
1772 4385 1932 4500 quibus

229 4543 408 4660 copiose
436 4573 513 4658 pro
540 4541 681 4626 culina
707 4539 801 4657 capi
830 4539 980 4623 solent.
1038 4543 1142 4625 Sunt
1170 4541 1285 4627 enirn
1312 4544 1608 4631 stolidissimas
1637 4570 1755 4639 aves,
1798 4533 1923 4622 simul
1987 4567 1994 4578 ·
2079 4555 2081 4563 ’

230 4697 489 4796 deliciosae,
559 4692 737 4780 Alaudis
780 4717 824 4776 et
860 4692 1101 4777 Hortulanis
1137 4693 1254 4781 haud
1295 4695 1537 4796 inferiores,
1591 4692 1627 4778 si
1668 4690 1921 4806 saginentur.

231 4847 369 4936 Humi
398 4845 646 4964 praesertim,
670 4868 904 4950 versantur,
934 4875 1010 4962 per
1038 4845 1126 4932 vias
1154 4847 1292 4954 tritas,
1322 4849 1513 4933 Alaudae
1542 4846 1693 4950 instar,
1724 4841 1929 4929 cursitem-⁴

224 5027 300 5090 tes
328 5031 486 5120 perque
516 4997 662 5087 brevia
688 4997 912 5086 intervalla
941 5020 1038 5086 ante
1075 4999 1365 5088 itineratorem
1405 4999 1652 5106 volitantes,
1708 4999 1821 5083 unde
1850 5020 1923 5078 no·

1466 5168 1490 5243 5
