4778 6044
496 497 585 584 332
1274 503 1423 562 ΕΞ

1231 700 1451 788 NOTA.

635 855 785 970 Nuper
822 850 869 940 in
909 849 1110 939 orientali
1149 851 1304 940 Sibiria
1324 833 1484 940 'fabula
1522 837 1753 955 increbuit,
1793 855 1907 970 quod
1943 855 1996 938 ad
2022 857 2165 940 Insulas

488 1003 654 1095 Curilas
683 1008 808 1092 detur
835 1017 958 1124 piscr's
986 1007 1107 1126 bipes
1136 1009 1336 1092 caudatus
1366 1013 1463 1122 (pro
1492 1034 1575 1122 quo
1604 1005 1807 1092 miserunt
1845 1009 1992 1126 Rajom
2024 1007 2068 1092 in
2093 1009 2165 1094 lor·

412 1177 415 1184 '
486 1187 602 1244 mam
646 1155 900 1246 Chimaerae
944 1159 1243 1277 complicatam
1288 1181 1332 1246 et
1371 1159 1590 1272 siccatam)
1633 1157 1705 1275 qui
1744 1162 1827 1245 duo
1855 1189 2020 1276 semper
2036 1160 2169 1283 pariat

486 1337 591 1411 ova,
622 1339 646 1396 e
677 1343 855 1428 quorum
882 1342 967 1399 uno
994 1310 1141 1430 piscis,
1171 1343 1225 1399 ex
1255 1311 1388 1400 altero
1414 1341 1516 1398 varo
1531 1316 1659 1396 Larus
1686 1330 1902 1416 nascatur;
1931 1312 2167 1400 Verosimil-

485 1459 641 1553 limae
671 1465 931 1556 Curillorum
959 1465 1247 1582 superstitiosa
1276 1464 1514 1552 narratione
1548 1485 1651 1554 orta.
1681 1567 1686 1583 ι

825 2043 828 2052 Α
960 1905 1130 2016 cxrn
1195 1905 1713 2016 sranNaa

1204 2193 1467 2214 m

623 2389 796 2473 Stemae
825 2413 974 2502 genus,
1005 2407 1052 2470 ut
1078 2384 1336 2473 Hirundines
1364 2383 1561 2490 volatile,
1591 2415 1685 2472 raro
1712 2407 1871 2494 natans,
1899 2415 1979 2503 per
2006 2385 2176 2474 Atricil·

483 2541 591 2646 lam,
636 2547 786 2624 Larum
828 2537 1038 2624 minutum
1066 2560 1111 2622 et
1138 2537 1337 2626 naevium
1365 2569 1461 2624 curn
1489 2538 1765 2653 praecedenti
1791 2569 1946 2655 genere
1979 2537 2175 2627 cohaeret

366 2719 370 2726 '
482 2693 708 2797 affinitate,
751 2693 839 2778 imo
883 2693 990 2776 forte
1024 2721 1121 2776 cum
1159 2690 1510 2808 Rhynchopsalia
1545 2693 1883 2804 conjungendum
1912 2713 1993 2778 est.
2067 2688 2177 2778 Mihi

481 2845 598 2931 enim
625 2847 826 2962 pleraque
854 2873 1010 2957 genera
1039 2846 1246 2944 anomala,
1274 2845 1397 2930 unica
1427 2842 1570 2958 specie
1599 2841 1873 2930 consistentia
1901 2847 1958 2930 ad
1986 2844 2179 2965 proxima

417 3081 421 3086 .
480 2998 689 3084 naturalia
717 3027 871 3116 genera
898 2997 1046 3084 referri
1074 3027 1196 3114 posse
1227 2997 1437 3084 ridentur.

646 3258 762 3370 390.
838 3248 1173 3342 STERNA
1257 3250 1471 3370 caspio.
1548 3245 1681 3338 TAB.
1756 3245 2021 3340 LXXVIII.

622 3457 662 3540 S.
692 3479 826 3543 rostro
854 3458 1084 3572 majusculo
1115 3459 1260 3563 rubro,
1311 3453 1473 3544 vertice
1502 3453 1649 3568 nigro,
1699 3455 1823 3540 dorso
1850 3459 1989 3544 cauda
2021 3454 2181 3572 alisque

310 3623 319 3640 ‘
480 3603 623 3714 canis,
650 3607 831 3726 pedibus
857 3610 997 3698 fuscis.

522 3779 527 3796 ’
698 3765 828 3846 Larus
868 3763 1241 3880 leucospodoides,
1310 3791 1458 3878 argyro
1506 3781 1818 3877 macropterus,
1893 3761 2182 3881 atricapillus,

700 4011 703 4028 ¹
758 3937 893 4002 rostro
921 3915 1158 4021 miniaceo,
1189 3919 1321 4004 cauda
1348 3917 1566 4032 forcipem,
1597 3916 1865 4032 melanopus,
1892 3919 2181 4004 Messcrsclrm·

770 4074 918 4156 omith.
944 4073 1031 4156 MS.
1064 4075 1141 4157 IX.
1170 4104 1208 4157 n.
1240 4105 1334 4156 noa.

704 4223 852 4312 Storna
881 4221 1042 4338 caspia,
1101 4225 1208 4312 Poll.
1248 4225 1354 4310 Non.
1384 4227 1500 4312 Com.
1529 4224 1637 4310 Patr.
1663 4223 1778 4310 XIV.
1807 4245 1914 4339 port.
1944 4227 1984 4310 Ι.
2017 4259 2063 4342 p.
2094 4233 2184 4312 583.
2359 4218 2360 4298 l

758 4375 844 4462 tob.
876 4407 942 4460 aa.
967 4381 1053 4489 fig.
1084 4413 1123 4462 2.
1161 4375 1365 4463 mediocr.
1421 4377 1543 4466 Pano.
1587 4379 1705 4464 Zool.
1751 4399 1850 4462 oret.
1892 4378 1950 4462 II.
2000 4411 2046 4495 p.
2093 4385 2184 4466 526.

754 4528 945 4612 Latham.
987 4559 1081 4642 syn.
1117 4532 1189 4617 VI.
1218 4561 1260 4646 p.
1290 4543 1385 4619 350.
1414 4561 1455 4618 n.
1488 4566 1523 4618 a.
1582 4531 2184 4648 Gmez.sysr.Lat1.parr.

754 4709 796 4765 a.
856 4693 991 4768 .6oo.
1019 4715 1041 4770 s
1071 4745 1082 4770 .
1118 4719 1153 4771 r.
1486 4757 1491 4774 ‚
2359 4741 2360 4768 1

681 4709 854 4917 'sternii
877 4716 1168 4950 Tschegiava,
1225 4841 1396 4956 lepeclr.
1436 4840 1542 4930 Noa.
1572 4843 1688 4928 Com.
1718 4839 1825 4926 Petr.
1853 4837 1973 4924 XIV.
2008 4833 2185 4952 perol.
2359 4823 2360 4898 l

756 5015 797 5098 p·
827 4996 920 5074 500.
950 4986 1033 5073 tob.
1068 5001 1130 5078 ιδ.
1151 4992 1238 5106 fig·
1272 5025 1309 5076 a.
1338 4993 1463 5078 mala.
