4778 6044
444 527 449 534 ,
491 459 579 543 30²
1258 459 1405 514 Ξ

487 661 617 750 facile
646 662 839 748 manibus
868 661 1097 781 capienda,
1126 660 1216 747 imo
1244 658 1290 745 in
1319 689 1465 746 manns
1493 679 1538 745 et
1563 685 1690 744 naves
1719 655 1930 745 involans.
1989 663 2111 749 Stant
2140 664 2185 752 in

487 817 660 933 rupibus
686 812 909 899 hominum
938 815 1070 903 instar
1095 815 1229 904 erecti
1258 817 1352 922 (seu
1378 811 1508 899 crisso
1536 810 1768 898 insidentes
1796 812 1976 927 potius),
2011 837 2185 930 pectore

490 971 544 1054 ad
570 998 672 1054 saxa
700 989 746 1052 et
780 991 1003 1084 praerupta
1046 965 1203 1056 acclini
1238 967 1454 1082 caudaque
1492 961 1629 1078 rigida
1656 991 1745 1048 sese
1774 988 2074 1071 sustentantes,
2126 999 2183 1056 ne

488 1153 513 1206 a
542 1143 670 1206 vento
699 1118 971 1232 deJiciantur,
1010 1123 1081 1207 vel
1108 1149 1258 1206 somno
1288 1119 1449 1236 sopitae
1478 1115 1703 1220 decidant;
1751 1139 1844 1202 sunt
1872 1117 1990 1204 enim
2019 1149 2184 1208 somno·

481 1273 623 1360 lentae
667 1302 764 1356 aves
808 1293 852 1357 et
893 1271 1034 1389 capite
1075 1277 1150 1360 sub
1190 1273 1266 1359 alis
1296 1270 1469 1358 condito
1499 1267 1725 1356 dormiunt.
1795 1273 2054 1358 Deturbatae
2084 1305 2183 1360 vero

485 1423 654 1540 egregie
695 1448 842 1510 natant
869 1448 914 1510 et
941 1426 1159 1535 urinantur
1199 1423 1483 1542 promtissime
1513 1444 1557 1506 et
1586 1420 1674 1508 diu.
1744 1423 1947 1509 sedentes
1976 1426 2184 1538 laqueos

482 1575 643 1662 bacillo
684 1579 900 1693 pendente
943 1578 1056 1665 collo
1095 1577 1255 1693 injecto
1296 1576 1467 1694 copiose
1515 1572 1611 1690 capi
1658 1598 1857 1690 possunt;
1921 1577 2027 1661 licet
2067 1575 2185 1662 enim

484 1725 660 1813 videant
686 1729 909 1844 laqueum,
950 1759 1036 1816 non
1064 1732 1258 1835 avolant,
1300 1731 1374 1815 sed
1401 1724 1687 1814 declinatione
1717 1727 1870 1842 capitis
1895 1749 2062 1812 tantum
2093 1728 2183 1813 evi·

480 1899 594 1980 tant,
639 1909 778 1996 neque
807 1903 934 1996 capto
961 1913 1046 1968 uno
1074 1883 1244 1968 avolant
1272 1881 1449 1996 reliqui,
1492 1879 1582 1965 imo
1610 1909 1665 1964 ne
1692 1879 1866 1993 quidem
1894 1913 1917 1965 a
1945 1880 2082 1997 sclopi
2112 1881 2182 1966 vel

484 2029 639 2145 lapidis
670 2031 773 2116 ictu.
832 2034 1049 2149 Gregatim
1076 2036 1250 2138 volant3
1295 2034 1472 2122 Oriente
1499 2035 1588 2120 sole
1618 2055 1662 2120 et
1689 2033 1793 2118 item
1823 2031 2012 2150 vesperi,
2052 2062 2181 2148 quum

482 2206 642 2268 exeunt
668 2184 895 2299 piscatum,
940 2185 1161 2300 ingentem
1188 2190 1344 2275 tollunt
1373 2189 1622 2290 clamorem,
1664 2183 1738 2299 qui
1768 2213 1791 2268 e
1821 2185 2056 2300 longinquo
2084 2189 2182 2271 buc·

481 2333 673 2420 cinerum
717 2367 866 2424 sonum
907 2341 1152 2426 aemulatur.
1226 2337 1514 2426 Avidissimae
1556 2359 1723 2439 vorant,
1765 2357 1811 2420 ut
1840 2367 1968 2452 saepe
1997 2335 2180 2453 piscium

481 2488 614 2573 cauda
642 2489 806 2605 repleta
844 2488 1036 2604 ingluvie
1064 2521 1088 2576 e
1116 2495 1236 2578 fauce
1263 2490 1515 2608 promineat.
1587 2490 1680 2574 Ova
1716 2487 1984 2604 longitudine
2016 2492 2078 2574 s'‘.
2109 2501 2181 2580 5''‘.

482 2641 691 2729 diametro
728 2648 882 2746 1‘'.4'‘'.
911 2641 1015 2747 tria,
1071 2667 1268 2759 quatuor,
1315 2672 1407 2728 raro
1436 2671 1510 2726 sex
1537 2639 1731 2757 pariunt,
1785 2640 2021 2724 virescente
2038 2691 2054 2706 -
2071 2643 2182 2743 alba,

480 2790 852 2906 longitndinaliter
879 2794 997 2908 quasi
1025 2795 1185 2882 lineata
1230 2795 1431 2882 materiae
1476 2789 1800 2879 excrementitia
1828 2791 1940 2876 striis
1970 2793 2181 2880 crassiori·

480 2945 572 3030 bus.
631 2949 899 3054 (Stellerus
941 2945 987 3031 in
1024 2950 1130 3063 Nou.
1164 2952 1280 3036 Com.
1309 2952 1470 3062 Petrop.
1504 2949 1576 3029 lV.
1607 2979 1645 3059 p.
1674 2958 1768 3047 423.
1802 2942 2057 3060 simpliciter
2085 2947 2180 3032 alba

485 3093 631 3211 dixit).
673 3101 880 3184 Incubant
908 3066 1050 3185 crisso'
1063 3101 1156 3186 ovis
1182 3100 1429 3186 insidentes.
1478 3095 1661 3181 Vitellus
1691 3125 1865 3182 ovorum
1892 3095 2178 3202 fluidissimus,

483 3277 727 3356 nauseosus,
778 3281 915 3368 neque
945 3251 1141 3338 diuturna
1181 3252 1412 3339 elixatione
1440 3251 1666 3352 durandus,
1722 3251 1834 3335 unde
1862 3248 2179 3337 Camtschadali

485 3422 781 3509 contemnunt,
837 3426 881 3488 et
910 3435 1033 3489 muco
1061 3405 1226 3492 narium
1255 3426 1514 3520 comparant.
1583 3405 1744 3488 Stercus
1777 3399 1973 3504 fluidum,
2032 3401 2178 3487 album

482 3551 738 3638 creberrime
768 3553 960 3668 ejiciunt.
1016 3555 1287 3672 Deplumari,
1330 3579 1379 3642 ut
1406 3582 1684 3670 congeneres,
1715 3555 1770 3638 ob
1799 3551 2053 3638 densitatem
2080 3557 2175 3671 plu·

482 3731 644 3786 marum
673 3728 916 3820 nequeunt,
942 3705 1024 3792 nisi
1052 3711 1239 3793 detracta
1266 3707 1396 3824 pelle.
1453 3709 1608 3794 Carnes
1637 3703 1768 3803 viles,
1796 3703 1991 3790 'elixatae
2018 3707 2177 3794 famem

482 3855 673 3972 pellunt3
716 3880 874 3942 assatae
901 3859 1131 3976 pessimae,
1174 3855 1257 3945 nisi
1286 3858 1490 3946 methodo
1519 3855 1781 3962 Curilorum,
1824 3855 1898 3972 qui
1925 3858 2177 3973 praesertim

483 4009 645 4125 pullos,
673 4039 770 4096 cum
798 4011 953 4127 plumis
983 4036 1027 4098 et
1053 4011 1279 4098 interaneis
1307 4011 1354 4096 in
1382 4012 1505 4095 fovea
1532 4009 1677 4094 favilla
1690 4010 1814 4125 plena
1839 4031 1975 4096 assant
2002 4031 2047 4095 et
2075 4009 2173 4096 dein

487 4143 768 4248 decorticant.
837 4169 1087 4280 Hybemant
1129 4163 1176 4251 in
1216 4163 1341 4269 mari,
1382 4183 1430 4248 ut
1471 4189 1652 4277 sequens
1679 4161 1806 4250 'circa
1840 4161 1984 4250 littora
2010 4183 2174 4248 tantum

485 4334 643 4398 aestate
671 4315 923 4428 frequentes.

623 4465 798 4551 Descr.
835 4467 1027 4554 Carbone
1054 4466 1204 4556 minor.
1261 4469 1454 4557 Rostntm
1477 4467 1605 4586 paulo
1631 4467 1858 4569 robustius,
1886 4499 2012 4584 qnam
2037 4464 2083 4554 in
2111 4493 2170 4554 se·

487 4615 660 4732 quenti,
699 4617 868 4703 tenuius
909 4650 1035 4735 qnam
1076 4622 1300 4726 Carbonis,
1342 4625 1524 4722 fuscum,
1565 4621 1656 4710 basi
1692 4645 1737 4709 et
1771 4621 1969 4709 inferiore
1997 4620 2170 4706 maxilla

487 4767 783 4858 albicantibus.
840 4775 984 4860 Facies
1012 4795 1102 4860 tota
1130 4772 1241 4862 circa
1268 4775 1393 4902 basin
1415 4774 1559 4883 rostri,
1596 4775 1727 4863 etiam
1755 4777 1889 4895 prima
1914 4795 2033 4892 parte
2062 4772 2165 4856 fron·

486 4916 543 5004 tis
568 4944 614 5007 et
642 4922 785 5036 gulae,
841 4923 966 5014 latius
996 4959 1021 5016 a
1047 4927 1183 5018 latere
1212 4951 1257 5019 et
1282 4961 1412 5051 nsque
1439 4931 1548 5020 ultra
1578 4931 1724 5022 oculos
1751 4933 1864 5020 nuda
1899 4927 2035 5032 fulva,
2093 4921 2162 5010 sed
