4778 6044
510 433 603 572 '¹368
1281 473 1433 548 ·=.-=

622 685 811 776 Lamutis
842 689 981 776 Lrlrilr.
1040 685 1237 777 Coraecis
1265 689 1576 805 lnypr'lobalop.

618 841 774 938 Curilis
809 843 1132 956 Wingoroutsch.

618 993 954 1084 Camtschadalis
983 997 1394 1084 Cbuiclrumtscblrun.

643 1146 750 1233 Avis
779 1148 826 1231 in
857 1145 1055 1231 orientali
1083 1148 1256 1234 Oceano
1285 1145 1626 1264 frequentissima
1653 1141 1764 1231 mihi
1791 1144 1979 1231 nondum
2006 1142 2201 1233 innotue-

504 1321 568 1386 tat
599 1331 728 1416 quum
756 1301 1068 1414 Spicilegiorum
1087 1307 1237 1410 fascic.
1268 1305 1317 1388 V.
1348 1304 1518 1386 ederem
1545 1323 1590 1386 et
1619 1331 1643 1385 a
1685 1302 1909 1384 Stellero
1934 1295 2060 1384 nimis
2090 1328 2197 1414 vago

505 1475 594 1537 erat
631 1451 834 1538 indicata.
906 1457 1032 1558 Nunc
1070 1452 1241 1568 copiosa
1281 1452 1515 1570 specimina
1558 1483 1699 1538 coram
1742 1449 1895 1535 habeo.
1965 1452 2199 1536 Abundant

505 1603 617 1690 circa
645 1602 804 1688 insulas
832 1601 996 1688 Curilas
1026 1627 1070 1690 et
1098 1605 1338 1704 Aleuticas,
1379 1603 1509 1718 inque
1538 1602 1735 1690 orientali
1762 1602 1907 1687 littore
1938 1599 2202 1689 Camtscbat·

502 1783 603 1860 cae,
632 1753 880 1871 praesertim
922 1753 967 1838 in
1010 1755 1148 1842 insula
1184 1755 1460 1870 quadraginta
1488 1755 1622 1841 stadia
1652 1787 1674 1838 a
1702 1777 1827 1869 portu
1861 1750 2103 1838 Avatschae
2131 1751 2198 1838 di-

502 1925 662 2002 stante,
707 1936 814 2020 quae
858 1908 911 1991 ab
951 1904 1006 1991 iis
1047 1911 1274 1994 Storilroruo
1315 1912 1452 2019 ostrof
1487 1908 1795 2023 cognominata.
1867 1911 1963 1990 Neo
2004 1907 2125 1990 deest
2151 1905 2199 1992 iu

500 2047 813 2145 'Penschinensi
841 2055 949 2143 sinu.
1006 2062 1182 2144 Aestate
1211 2059 1401 2176 copiosa,
1432 2058 1621 2146 interdiu
1648 2057 1693 2142 in
1723 2053 1830 2142 mari
1858 2077 2024 2162 natans,
2061 2058 2201 2144 urina·

498 2210 586 2296 trix
618 2208 807 2322 egregia,
835 2233 966 2296 noctu
993 2210 1039 2294 in
1066 2234 1385 2328 praeruptorum
1414 2213 1605 2298 littorum
1634 2235 1758 2326 atque
1791 2209 2058 2324 scopulorum
2085 2213 2198 2296 lissu-

418 2407 427 2425 s
500 2363 562 2448 ris
601 2361 782 2446 latebras
829 2389 1057 2476 quaerens,
1104 2361 1180 2448 ubi
1208 2362 1336 2450 etiarn
1366 2363 1633 2481 ovum-parit
1660 2361 1916 2459 solitarium,
1957 2391 2049 2446 raro
2079 2361 2195 2468 bina,

367 2479 373 2494 Ι
502 2513 671 2630 sapida,
718 2511 964 2628 gallinaceis
991 2513 1110 2631 paria
1140 2513 1232 2626 (axi
1261 2517 1320 2602 a‘'.
1353 2517 1419 2602 am.
1448 2517 1655 2602 diametro
1691 2516 1746 2600 ι”.
1778 2518 1884 2625 34⁶¹.)
1912 2511 2081 2598 sordide
2107 2513 2196 2630 pal·

501 2665 617 2770 lida,
674 2666 804 2782 guttis
830 2666 1149 2783 grymo-fuscis
1177 2690 1220 2752 et
1248 2670 1439 2755 obsolete
1470 2669 1594 2754 fuscis
1623 2653 1837 2782 adspersa,
1898 2663 2010 2751 circa
2039 2665 2198 2752 acutio-

496 2832 592 2904 'rem
621 2817 826 2905 'verticem
857 2819 1108 2906 rariusculis.
1179 2821 1354 2938 Stupide
1397 2845 1610 2907 caeterum
1640 2819 1752 2922 avis,
1810 2845 1918 2931 quae
1948 2817 2113 2931 vesperi
2142 2819 2199 2904 ad

500 2969 646 3057 littora
674 2974 891 3077 revolans,
946 2973 1130 3060 sedentis
1166 2973 1213 3060 in
1240 2975 1422 3092 pellicea
1450 2998 1567 3061 veste
1594 2969 1783 3057 hominis
1811 2973 1888 3054 sub
1916 2969 2051 3054 limbo
2079 2967 2199 3055 etin

500 3125 679 3212 manicis
710 3125 943 3210 latibulum
979 3126 1143 3238 quaerit
1177 3149 1221 3212 et
1255 3128 1317 3214 sic
1347 3160 1371 3212 a
1400 3127 1557 3215 Curilis
1586 3149 1630 3215 et
1659 3121 1994 3210 Camtschadalis
2023 3121 2196 3236 copiose

496 3287 579 3391 pro
606 3277 704 3363 cibo
733 3277 909 3393 capitur.
966 3279 1123 3364 Nidum
1151 3301 1314 3364 struunt
1342 3280 1525 3386 nullum,
1568 3280 1643 3364 sed
1671 3305 1792 3363 ovum
1817 3272 1928 3358 saxis
1954 3271 2198 3390 prominen-

500 3425 615 3512 tibus
641 3427 886 3544 imponunt,
939 3430 1124 3519 maxime
1154 3431 1329 3518 desertis
1357 3430 1475 3518 locis.

643 3581 812 3666 Descr.
868 3585 1116 3695 Magnitudo
1160 3588 1212 3673 U.
1238 3587 1356 3670 Alter
1384 3616 1457 3670 seu
1484 3587 1610 3702 paulo
1639 3613 1760 3700 supra
1787 3603 2045 3698 sequentem.
2117 3585 2201 3668 Ro·

499 3745 631 3820 'strum
660 3733 869 3838 conicum,
902 3739 1026 3822 valde
1055 3769 1359 3856 compressum,
1388 3738 1731 3840 livido-album,
1759 3735 1846 3818 ima
1875 3733 1966 3818 basi
1994 3757 2038 3818 et
2068 3733 2199 3818 lascis

500 3885 659 3970 dorsali
689 3883 880 4000 nigrum,
931 3889 1051 4006 apice
1079 3891 1291 4008 superiore
1319 3891 1597 3994 subinc'urvo,
1639 3887 1946 3990 obtusiusculo‚
2000 3885 2198 4000 utrinque

494 4036 681 4124 sinuato.
724 4042 871 4125 Sulcus
899 4043 1229 4129 obsoletissimus
1254 4073 1333 4161 per
1357 4041 1542 4129 carinam
1571 4040 1694 4128 rostri
1721 4036 2055 4155 longitudinslis.
2105 4043 2201 4122 Lin-

498 4221 589 4304 gua
615 4219 793 4290 comea,
835 4221 1090 4310 compressa,
1132 4220 1272 4302 acuta,
1300 4228 1423 4312 supra
1450 4195 1740 4280 canaliculato.
1799 4193 1992 4277 Pelorum
2023 4190 2200 4304 planum

502 4341 677 4460 papillis
707 4343 859 4442 acutis,
914 4345 1148 4452 reclinatis,
1205 4345 1369 4465 duplici
1396 4348 1528 4448 serie,
1576 4345 1773 4460 striisque
1799 4340 2198 4458 longitudinalrbus.

452 4561 456 4570 .
497 4483 637 4578 'Nares
666 4493 718 4576 ad
745 4497 909 4612 plumas
937 4500 1086 4584 frontis
1114 4531 1291 4616 parvae,
1322 4501 1554 4602 lunulatae,
1584 4495 1776 4614 perviae,
1807 4493 1959 4614 papula
1987 4491 2198 4608 cartilagi-

498 4663 600 4732 nea.
658 4643 776 4734 Cutis
805 4681 829 4734 a
858 4651 982 4738 dorso
1008 4654 1131 4738 rostri
1157 4653 1270 4738 inter
1295 4683 1415 4738 nares
1444 4681 1565 4736 cerae
1594 4649 1737 4734 instar.
1795 4653 1931 4766 Caput
1958 4677 2053 4730 curn
2073 4671 2198 4762 parte

506 4795 611 4884 colli
638 4819 683 4884 et
710 4801 807 4915 gula
836 4823 948 4888 atra:
976 4813 1155 4891 toeniolo
1183 4836 1206 4890 e
1234 4805 1420 4923 pinnulis
1449 4800 1719 4922 capillaribus
1748 4801 1854 4887 albis
1882 4833 1905 4884 a
1931 4803 2198 4914 temporibus

496 4953 561 5036 'ad
603 4949 785 5046 uuehsm
827 4976 870 5041 et
912 4989 1009 5042 area
1046 4987 1198 5074 magna
1240 4960 1425 5046 lateralis
1466 4957 1570 5046 colli
1604 4959 1718 5044 alba.
1798 4955 1954 5045 Cerrix
1995 4949 2196 5070 utrinque
