4770 6042
1001 469 1153 582 e...
1861 514 1917 634 ⁷3
2064 535 2066 538 ·

452 726 608 812 Tetrao
637 719 837 818 Bonasia,
863 720 954 804 Ltn.
983 737 1089 831 syst.
1117 719 1214 805 XII.
1243 722 1278 806 I.
1311 753 1339 838 p
1382 733 1475 831 275·
1504 748 1566 834 tp.
1597 755 1637 830 9.

457 877 690 975 Gelinotte,
716 878 880 986 Busfon.
899 904 972 981 orn
992 875 1046 955 Π.
1062 905 1104 988 p.
1121 886 1213 959 233.
1228 875 1314 960 tab.
1330 911 1369 986 7.
1385 857 1687 990 pulcherrime.
1702 873 1920 962 D’anbent.

511 1040 608 1148 pict.
638 1029 723 1114 tab.
752 1044 848 1139 474.
878 1054 985 1128 mas,
1015 1037 1111 1136 475.
1140 1024 1311 1112 femina.
1824 1037 1827 1046 “

451 1183 780 1284 flacci-Grous,
809 1183 1002 1263 Lothom.
1029 1211 1121 1291 syn.
1149 1183 1222 1265 IV.
1253 1213 1294 1296 p.
1324 1198 1420 1291 744.
1448 1211 1487 1264 n.
1524 1213 1585 1268 rs.

343 1333 488 1420 Rossis
514 1335 761 1420 Raebtscln'ls
788 1354 833 1417 et
858 1332 1025 1417 Raebols
1054 1329 1100 1445 (i.
1130 1363 1169 1418 e.
1196 1332 1396 1416 tessulata
1425 1361 1499 1416 seu
1527 1331 1776 1450 variegata.)

343 1488 507 1572 Tataris
545 1488 763 1586 Budsbur3
819 1481 1061 1569 Baschltiris
1102 1488 1211 1598 syt‚·
1264 1481 1430 1570 Tataris
1470 1484 1651 1570 Sibiriae
1689 1489 1839 1572 Dsln’m
1878 1504 1924 1573 et

402 1643 601 1728 Dabimus
613 1675 627 1736 3
657 1639 811 1734 Iacntis
838 1639 1157 1750 Pntschugurbs.
1325 1633 1331 1645 ’
1772 1614 1782 1628 i

343 1791 577 1882 Permaecis
606 1814 651 1876 et
679 1789 862 1876 Siraenis
889 1793 1001 1908 Sjbla
1029 1792 1184 1898 (tunde
1213 1765 1574 1877 Rnbusbaxatilis
1599 1789 1689 1876 illis
1717 1793 1861 1910 sjtta-
1877 1821 1924 1880 os

401 1963 434 2034 ε’.
465 1943 670 2033 Bonasiae
698 1945 827 2051 bacca
845 1951 901 2056 :);
942 1943 1165 2029 Lettonice
1193 1935 1388 2032 Mescho-
1404 1946 1517 2040 irbe5
1558 1943 1815 2030 Estlronibus
1841 1946 1940 2060 Py„

397 2102 469 2186 rel
497 2103 675 2212 Metspu.
731 2093 976 2181 Morduanis
1010 2095 1293 2212 Werinpurnno
1319 2121 1363 2183 et
1396 2099 1688 2212 Werinpowak
1729 2096 1923 2182 Votiacis

398 2255 513 2372 Sjblo
527 2289 541 2348 ‚·
567 2247 893 2336 Tscheremissis
922 2251 1043 2335 Muso
1056 2283 1071 2346 ,·
1097 2249 1276 2362 Vogulis
1305 2248 1579 2336 Sosvensibus
1608 2252 1790 2352 Schutta,
1818 2247 1925 2337 alibi

394 2408 565 2522 torpa·
621 2401 845 2498 velAnltor
902 2400 1085 2488 Ostiacis
1114 2401 1477 2486 beresoviensibus
1518 2402 1683 2502 Pastelr,
1735 2407 1788 2488 ad
1816 2403 1925 2492 Irtiu

399 2561 728 2662 Tscbochtonoi,
771 2555 825 2638 ad
854 2553 1188 2669 Siergntl'ynlr,
1233 2557 1287 2645 ad
1315 2561 1478 2670 Narym
1505 2555 1656 2659 Peste,
1687 2555 1741 2640 ad
1768 2561 1854 2640 Ket
1878 2561 1950 2656 fl.-

392 2713 503 2824 Pege
533 2732 576 2795 ct
605 2712 714 2796 Pele.

345 2861 557 2978 Mongolis
584 2864 759 2956 Koedn5
789 2857 1027 2948 Calmuccis
1056 2863 1191 2948 laton.

344 3015 550 3132 Tungusis
572 3019 624 3100 ad
643 3014 851 3100 Jeniseam
874 3017 1082 3136 Chinjulri,
1114 3017 1168 3102 ad
1192 3014 1402 3102 Balcalem
1428 3017 1548 3101 Enulr
1560 3051 1576 3114 ,-
1602 3016 1790 3104 Lamutie
1808 3019 1919 3107 llilu'.

197 3237 205 3250 .
347 3168 580 3285 Caragassis
607 3172 768 3255 Sarma.
1029 3281 1034 3286 Ι

237 3319 243 3330 ’
370 3333 447 3408 Per
475 3319 669 3406 Russiarn
697 3322 915 3409 borealem
940 3321 1041 3410 inde
1070 3355 1095 3408 a
1125 3322 1232 3409 mari
1259 3319 1480 3420 balthico,
1510 3345 1555 3408 et
1574 3320 1619 3408 in
1637 3322 1924 3439 sylvestribus,

254 3475 438 3564 montosis
468 3473 652 3560 Sibiriae
680 3505 812 3591 usque
840 3477 950 3561 ultra
979 3484 1161 3578 Lanam,
1191 3476 1330 3562 minus
1356 3497 1501 3581 tamen
1529 3478 1725 3591 frequens
1754 3508 1926 3594 praece·

251 3627 451 3730 dentibus,
498 3625 628 3712 etiam
657 3626 834 3745 hyeme,
877 3630 1085 3732 occurrit3
1137 3630 1183 3715 in
1212 3625 1530 3734 Camtschatca,
1581 3631 1761 3716 Stellero
1789 3635 1927 3716 obser·

247 3804 380 3889 vante,
407 3783 541 3866 deest.
583 3779 836 3898 .Impr0prie
863 3781 1077 3868 Gallinam
1106 3757 1358 3898 Corylorum
1387 3779 1638 3868 Germanice
1667 3785 1925 3900 appellatam

238 3933 383 4041 fixisse,
431 3937 503 4021 vel
529 3934 632 4020 inde
660 3957 801 4050 patet,
844 3938 957 4050 quod
986 3965 1259 4053 peromnem
1287 3933 1511 4038 Sibiriam,
1566 3933 1792 4022 deficiente
1821 3935 1927 4036 licet

236 4089 397 4204 corylo,
450 4087 690 4202 frequentes
718 4083 812 4172 sint.
883 4058 1111 4175 Pascuntur
1138 4112 1280 4175 autem
1312 4086 1455 4175 baccis
1483 4088 1617 4190 Rubi,
1675 4083 1927 4202 Cynosbati,

233 4238 526 4334 Convallariae
556 4237 755 4340 bifoliae,
783 4242 977 4328 Amentis
1006 4243 1205 4342 salicum,
1234 4241 1343 4342 alni,
1372 4263 1478 4328 caet.
1507 4231 1926 4356 Arboribussaepius

230 4393 436 4486 insident.
507 4389 704 4476 Pruriunt
731 4392 887 4480 Martio
917 4417 961 4478 et
988 4417 1088 4482 tunc
1116 4418 1445 4510 congregantur,
1488 4393 1671 4478 fistulato
1697 4390 1931 4483 tenerrimo

223 4569 450 4651 vocantes,
519 4551 611 4630 Mas
639 4544 779 4660 plures
808 4547 1013 4634 foeminas
1041 4549 1192 4636 allicit.
1259 4548 1394 4634 Nidus
1422 4544 1621 4632 foeminis
1649 4542 1793 4650 humi,
1846 4572 1928 4630 ovo

224 4733 307 4792 sex
336 4701 389 4784 ad
417 4713 457 4788 6.
485 4697 637 4814 quibus
665 4696 799 4783 tribus
826 4701 1072 4818 septimanis
1100 4731 1205 4790 cum·
1223 4700 1366 4787 triduo
1392 4697 1608 4786 incubant.
1679 4698 1822 4784 Pullos
1848 4717 1928 4780 sta·

226 4849 388 4943 timia
418 4854 582 4936 arbusta
611 4851 793 4954 ducunt,
839 4855 916 4939 ubi
942 4885 966 4939 e
995 4887 1112 4944 ramo
1138 4857 1185 4943 in
1215 4885 1375 4938 ramum
1405 4849 1622 4937 exsiliunt.
1685 4855 1726 4934 A
1756 4871 1926 4972 venato·

219 5007 347 5102 ribus
377 5003 514 5092 fistula
540 5003 594 5088 ad
623 5002 910 5096 imitationem
937 5009 1054 5098 vocis
1082 5032 1296 5097 maternae
1323 5003 1517 5092 instituta
1542 5001 1802 5093 alliciuntur.
1922 5091 1925 5100 ,
