4734 6070
978 521 1129 579 Ε

669 740 786 858 nto.
874 749 1197 846 RALLUS
1276 763 1430 856 Grex.
1577 743 1582 754 ⁸

348 1025 400 1108 R.
429 1021 821 1142 grymo-fuscoque
852 1027 1015 1127 varius,
1045 1027 1122 1114 alis
1151 1035 1260 1119 rufis.

431 1179 730 1289 ortygometra
771 1189 1026 1284 Auctorum,
1090 1183 1312 1300 thtagtb.
1356 1219 1443 1274 om.
1480 1221 1523 1308 p.
1571 1221 1661 1276 sna.
1701 1190 1788 1278 tob.
1831 1225 1899 1302 29.

484 1329 579 1448 Ruj.
616 1361 682 1414 av.
718 1363 761 1448 p.
798 1347 864 1420 50.
927 1335 1067 1421 Albin.
1102 1368 1170 1423 αυ.
1205 1343 1241 1426 Ι.
1280 1341 1367 1427 tob.
1397 1358 1464 1431 32.
1520 1345 1675 1432 Frisclt.
1717 1379 1784 1431 nu.
1814 1347 1901 1432 tab.

487 1516 582 1568 asa.

429 1637 577 1724 Ral'lus
606 1635 859 1753 genistarum
881 1668 961 1724 seu
989 1642 1313 1758 ortygometra,
1342 1649 1522 1737 Brisson.
1554 1681 1640 1738 orn.
1670 1652 1714 1738 V
1710 1715 1722 1738 .
1750 1683 1791 1766 p.
1814 1664 1902 1740 16⁰.

486 1823 550 1909 sp.
579 1806 618 1879 3.
649 1791 734 1876 tab.
774 1805 833 1877 13.
853 1793 937 1906 sag.
970 1827 1008 1877 a.
1199 1897 1203 1926 Ι
1528 1913 1533 1920 ι

432 1945 579 2032 Rallus
608 1945 745 2046 Crex,
774 1947 864 2028 Lin.
893 1965 999 2058 syst.
1028 1949 1125 2034 XII.
1156 1953 1191 2038 1.
1220 1987 1262 2071 p.
1294 1967 1387 2041 261.
1421 1988 1485 2068 sp.
1519 1986 1551 2042 t.

432 2101 569 2188 Cralre
597 2097 827 2212 gallinule,
856 2101 1046 2185 Latbom.
1076 2133 1142 2186 aa.
1173 2108 1223 2189 V.
1252 2139 1294 2222 p.
1325 2123 1418 2198 250.

323 2251 498 2340 Rossice
525 2255 762 2346 Korasta'll;
791 2251 1032 2337 Malorossis
1065 2256 1309 2344 Derlsotsch.

324 2401 733 2493 Baschkiro-tataris
766 2405 935 2504 Tortai3
964 2403 1140 2519 Kirgisis
1175 2412 1361 2497 Katschi.

324 2558 570 2646 Morduanis
603 2559 766 2671 Tergitn
779 2593 793 2654 ,·
820 2558 1010 2644 Votiacis
1039 2559 1275 2674 Quaodscb.
1335 2563 1539 2680 Kystimis
1572 2567 1790 2688 Torgdjnls

258 2767 262 2776 ·
356 2717 406 2799 In
433 2710 828 2828 temperatioribus,
871 2711 1062 2829 aquosis,
1101 2735 1145 2798 et
1189 2711 1380 2802 herbidis
1422 2717 1596 2806 Rossiae
1637 2743 1682 2807 et
1724 2717 1908 2806 Sibiriae
2061 2753 2066 2760 ·

210 2897 386 2985 crepera
413 2898 484 2952 sua
514 2895 619 2952 voce
647 2865 800 2983 passim
830 2866 1078 2963 exauditur,
1106 2869 1349 2982 vespertino
1382 2895 1426 2957 et
1453 2893 1659 2960 nocturno
1694 2895 1902 2988 tempore.

208 3027 261 3108 In
300 3000 483 3106 maxime
512 3017 751 3105 borealibus
779 3041 824 3103 et
851 3016 1073 3103 maritimis
1100 3015 1231 3136 inque
1260 3022 1556 3110 Camtschatca
1587 2995 1817 3113 etSibiria
1842 3023 1907 3109 ul·

212 3199 279 3262 tra
308 3181 466 3260 Lenem
495 3194 611 3277 tota,
642 3202 739 3257 cum
768 3169 1021 3274 Coturnice,
1051 3174 1235 3297 delicit.¹
1271 3176 1463 3262 Maxime
1493 3179 1677 3264 abundat
1703 3177 1749 3262 in
1777 3183 1905 3264 Uera·

210 3329 287 3415 nia
315 3351 359 3413 et
386 3325 562 3413 desertis
589 3355 729 3410 versus
758 3324 1093 3440 Borysthenem,
1122 3329 1365 3446 campisque
1405 3329 1682 3430 metensibus,
1723 3325 1800 3414 ubi
1839 3354 1906 3412 ae·

211 3510 300 3600 que
329 3481 524 3596 copiosae
555 3477 816 3566 Cotumices.
888 3473 1153 3567 Creberrima
1192 3511 1359 3597 quoque
1386 3481 1433 3566 in
1459 3483 1590 3596 sylvis
1617 3504 1773 3568 tractus
1801 3486 1905 3564 Ver·

211 3633 497 3722 choturiensis
540 3653 586 3718 et
625 3636 679 3718 ad
705 3637 814 3718 Tom
843 3632 1031 3717 fluvium.
1097 3636 1168 3718 Ad
1206 3633 1419 3722 Jeniseam
1446 3635 1626 3750 gentiles
1665 3633 1905 3720 fabulantur

213 3787 395 3876 Crecem
425 3809 625 3874 autumno
653 3818 749 3872 cum
779 3786 972 3889 Gruibus,
1003 3785 1234 3900 harumque
1264 3789 1388 3872 dorso
1416 3787 1725 3905 inequitantem
1755 3782 1905 3898 migra·

212 3971 287 4049 re,
328 3941 463 4060 ipsam
503 3938 662 4028 volatui
705 3941 902 4028 diuturno
938 3945 1128 4059 ineptam
1169 3943 1373 4054 (Gmela'n.
1414 3973 1498 4030 sen.
1538 3941 1652 4028 sibir.
1691 3949 1783 4026 ἰείη.
1824 3936 1904 4022 ΙΙΙ.

211 4127 256 4214 Ρ·
296 4107 374 4205 ³9³
390 4101 424 4206 )·
585 4084 597 4097 “

354 4249 466 4334 Not.
495 4245 660 4336 Pondus
685 4231 856 4336 circiter
883 4261 907 4338 5
936 4247 1168 4338 unciarum.
1222 4251 1408 4336 intestini
1428 4243 1650 4362 longitudo
1682 4253 1775 4352 291‘.
1804 4243 1904 4328 Coe·

211 4431 266 4494 ca
292 4399 394 4489 bina
420 4400 591 4508 tenuia,
618 4402 842 4522 polliceris
870 4402 983 4509 lere,
1012 4400 1321 4521 quadriunciali
1350 4402 1403 4486 ab
1430 4431 1511 4492 ano
1543 4398 1783 4486 intervallo.

609 4660 726 4806 air.
814 4641 1137 4793 natans
1209 4695 1520 4818 aquaticus.

355 4861 408 4947 R.
441 4891 562 4980 supra
590 4891 740 4980 gryseo
769 4864 968 4979 fuscoque
996 4857 1222 4966 lituratus,¹
1240 4865 1385 4948 subtus
1412 4857 1727 4958 coerulescens,
1766 4847 1907 4970 hypo·

211 5009 439 5108 chondriis
468 5017 593 5104 albo·
609 5017 820 5129 fasciatis,
848 5039 983 5107 rostro
1010 5013 1101 5106 basi
1128 5016 1356 5132 subtusque
1384 5013 1517 5106 fulvo.

1416 5199 1472 5255 aa
