4734 6070
485 499 573 570 ut
1268 490 1417 550 ===
1544 451 1554 522 ³

486 721 625 786 austro
654 697 851 801 redeunt,
895 691 1109 810 omnibus)
1137 692 1427 782 ornatissimae
1464 699 1604 809 pennis
1642 691 1752 778 ultra
1791 689 1877 782 alas
1919 715 1963 780 et
2001 697 2157 784 caudam

483 849 717 964 elongatis,
748 845 919 934 circiter
949 867 1029 954 24,
1062 851 1248 965 (praeter
1275 844 1508 960 minores),
1551 875 1658 961 quae
1685 844 1872 932 barbulis
1900 847 2159 936 filamentosa

485 1001 661 1090 setaceis
689 1001 817 1106 raris,
848 998 1004 1087 diffuso
1020 999 1246 1120 ·pinnatae
1273 1002 1417 1114 jubam
1444 999 1609 1104 laxam,
1639 995 1997 1113 elegantissimam
2024 999 2160 1086 consti·

481 1175 634 1257 tuunt,
663 1152 905 1240 breviorem
933 1176 1076 1241 tamen
1101 1151 1300 1242 foeminis
1328 1175 1372 1238 et
1400 1147 1621 1238 anniculis.
1692 1151 1843 1238 Gauda
1870 1149 2077 1266 aequalis,
2112 1153 2163 1240 la·

478 1303 680 1422 tipennis.
751 1306 891 1393 Pedes·
918 1305 1054 1422 nigri,
1100 1337 1223 1423 supra
1264 1335 1426 1421 genua,
1468 1303 1709 1422 plantisque
1758 1300 2164 1392 flavo-virescentes.

480 1461 599 1548 casn
626 1455 673 1540 in
700 1478 791 1543 tota
824 1485 901 1544 ave
929 1455 1074 1573 nigra:
1101 1459 1267 1546 Pondus
1287 1459 1535 1546 subtrilibre.
1603 1461 1820 1546 Mensurae
1848 1458 1903 1543 ad
1929 1457 2167 1575 uropygiutn

481 1614 532 1694 α’.
562 1611 624 1722 7'‘.
657 1611 729 1720 9'''.
758 1612 812 1697 ad
838 1633 1023 1695 aternum
1055 1613 1104 1697 α’.
1139 1645 1177 1698 ο.
1207 1615 1281 1699 6“'.'
1305 1609 1431 1696 rostri
1459 1610 1513 1696 ad
1541 1607 1626 1698 oris
1655 1609 1828 1726 angulos
1857 1610 1918 1697 δ”.
1946 1614 2021 1720 7‘'‘.
2074 1611 2168 1699 Cau·

479 1761 560 1846 dae
590 1767 652 1847 δ”.
681 1762 805 1846 ulnae
835 1761 994 1846 alarum
1027 1753 1071 1846 ι’.
1100 1767 1163 1852 δ”.
1191 1765 1264 1876 7''‘.
1293 1762 1502 1848 femorum
1537 1785 1658 1881 parte
1698 1747 1910 1848 denudata
1938 1763 1998 1868 4⁰.
2031 1763 2097 1874 7“.
2125 1759 2169 1846 ti·

480 1911 646 1998 biarum
677 1914 738 2000 s‘.
767 1915 839 2018 am.
869 1913 997 2028 digiti
1023 1913 1158 2002 medii
1186 1919 1246 2026 (c.-
1274 1947 1317 2002 u.
1347 1918 1478 2030 blm.)
1515 1917 1577 2021 4”.
1607 1917 1680 2004 5”’.
1721 1913 1878 2032 postici
1919 1925 1978 2024 (c.
2007 1945 2050 2000 n.
2086 1919 2170 2025 9'''.)
2329 1935 2330 2008 l

482 2069 544 2150 2⁹.
576 2065 646 2148 am.
700 2067 843 2178 Hepar
870 2095 1095 2182 magnum,
1135 2071 1264 2154 ductu
1291 2069 1535 2185 peramplam
1576 2077 1709 2183 cystis
1749 2097 1907 2168 vacua,
1949 2067 2066 2154 collo
2105 2095 2173 2154 suo

481 2213 633 2332 hepati
661 2216 884 2324 adstricta,
935 2241 981 2306 et
1022 2219 1228 2308 distincto
1269 2223 1401 2306 ductu
1440 2221 1606 2308 inserta.
1673 2225 1881 2335 ingluvies
1907 2218 2173 2335 glandulosa,

480 2367 769 2483 amplissimat
796 2381 1044 2462 ventriculus
1070 2403 1199 2461 ovum
1228 2371 1468 2459 anserinum
1495 2397 1662 2492 aequat.
1730 2377 1971 2462 intestinum
2011 2393 2175 2488 octope·

480 2519 592 2620 dale.
648 2527 829 2612 Caecum
853 2523 1109 2640 tripallicari
1137 2557 1165 2610 a
1189 2527 1334 2614 cloaca
1362 2525 1588 2634 distantia,
1620 2529 1691 2616 3⁰2
1720 2525 1991 2642 longitudine
2003 2586 2020 2629 ,
2048 2556 2073 2610 a
2099 2553 2177 2642 qua

480 2693 651 2768 rectum
675 2675 871 2794 capacius
898 2676 1053 2794 pergit.

887 3090 1005 3205 248.
1106 3083 1395 3179 ARDEA
1484 3083 1770 3182 Gnraettu.

2329 2907 2330 2972 l

2329 2977 2330 3042 l

481 3349 487 3358 -
620 3287 676 3380 A·
704 3284 833 3376 erista
858 3289 1038 3410 bipenni
1065 3295 1363 3413 dependente,
1393 3317 1527 3383 rostro
1553 3295 1819 3415 pedibusque
1848 3293 2001 3404 fuscis,
2034 3323 2183 3414 corpo·

477 3461 523 3554 te
550 3457 646 3526 toto
672 3445 816 3526 niveo·
1412 3457 1417 3468 '

701 3595 846 3684 Ardea
873 3597 969 3685 alb'a
997 3598 1162 3708 minor,
1190 3603 1353 3688 Marsil·
1381 3601 1480 3688 den.
1510 3605 1561 3690 V.
1590 3635 1632 3722 p.
1667 3622 1729 3710 ¹4·
1757 3606 1843 3692 tab.
1872 3619 1913 3695 5.

696 3748 842 3834 Ardea
884 3727 1082 3866 Egretta,
1123 3757 1305 3842 &tason
1347 3785 1433 3841 arn.
1473 3757 1526 3842 V.
1566 3789 1607 3872 p.
1651 3769 1750 3866 431.
1817 3757 2044 3849 D’nubent.
2087 3767 2185 3878 pict.
2329 3829 2330 3872 ,

759 3901 846 3986 tab.
874 3935 970 4010 9⁰¹·

697 4056 843 4140 Ardea
869 4058 1093 4163 Garzetta,
1123 4063 1212 4148 Lin.
1242 4082 1349 4176 syat.
1377 4066 1475 4150 ΧΠ.
1501 4067 1537 4151 l.
1566 4097 1608 4182 p.
1638 4073 1732 4176 ²37·
1761 4097 1824 4182 sp.
1861 4079 1921 4154 rs.

694 4209 839 4298 Ardea
864 4205 1016 4314 nivea,
1060 4213 1234 4308 Gmelt'n.
1268 4223 1357 4336 jan.
1387 4217 1495 4304 Non.
1525 4220 1643 4306 Com.
1669 4218 1834 4337 Petrop.
1874 4219 1968 4307 XV.
2007 4255 2055 4340 p.
2085 4233 2185 4330 458.

754 4361 841 4446 tab.
877 4393 939 4471 ¹7·
979 4361 1102 4449 mala.

583 4511 781 4600 Cosaccis
810 4511 864 4600 ad
889 4517 1051 4602 Ja't'cum
1077 4501 1252 4608 anbdn
1280 4521 1430 4632 (fames
1457 4523 1578 4642 quasi
1605 4533 1861 4643 personata).

608 4669 798 4750 Tantum
826 4663 873 4748 in
901 4667 1176 4773 australibus,
1205 4673 1319 4760 circa
1344 4675 1479 4763 maria
1505 4677 1698 4794 nigrum,
1741 4679 2035 4786 moeoticum,
2084 4681 2188 4772 Cat-

467 4811 589 4934 pium
615 4841 661 4902 et
688 4817 919 4922 araliense,
949 4819 1183 4940 fluviosque
1212 4831 1514 4916 adtendentes
1543 4827 1736 4937 habitat,
1781 4863 1866 4920 non
1903 4835 2093 4952 quidem
2122 4865 2187 4926 ra·

467 4993 540 5072 tat
565 4970 643 5058 ted
669 4966 924 5060 canusima.
984 4977 1036 5058 In
1062 4975 1237 5068 boream
1260 5009 1348 5070 non
1373 4983 1582 5102 procedit.
1637 4985 1861 5103 Elegantia
1887 4988 2091 5102 formae,
2121 4987 2189 5076 ni·
2329 4966 2330 4984 Ν

415 3999 437 4048 0
