4778 6044
957 439 1104 494 Q
1684 475 1722 506 ,ν
1791 431 1879 530 287

305 643 495 730 Votiacis
523 643 689 736 Rasum
728 641 909 728 Siraenis
935 645 1124 738 Momro3
1164 641 1348 758 Vogulis·
1374 643 1573 763 Njaltop,·
1614 643 1797 732 Ostiacis
1826 649 1881 732 ad

278 847 294 866 ι
358 800 427 883 Ob
457 799 497 879 fl.
527 797 634 879 Koss
660 816 703 878 et
729 799 858 897 Kosa,
890 769 945 880 ad
972 801 1053 880 Ket
1082 797 1124 880 fl.
1153 797 1245 898 Sat,
1276 798 1329 880 ad
1358 795 1571 882 Jeniseam
1598 799 1722 886 Hool.

304 945 491 1033 Lamotis
519 947 684 1056 Octlsy5
739 945 946 1060 Tungusis
976 948 1147 1032 Otscbin
1175 970 1219 1030 et
1246 950 1481 1064 Otscbigol.

305 1099 495 1186 Buraetis
522 1100 778 1184 Alaltschin.
837 1097 1071 1212 Samojedis
1099 1100 1274 1218 NJoebu.

303 1251 499 1340 Coraecis
526 1253 666 1338 Jollol.
727 1251 883 1337 curilis
917 1254 1060 1365 Tr'n'pe.

304 1400 637 1492 Carntschadalis
671 1405 824 1515 Tyltyl
839 1439 853 1500 ,·
882 1401 1217 1490 occidentalibus
1252 1407 1405 1492 Tettol.

332 1563 382 1641 In
411 1557 582 1642 lacubus
611 1576 654 1638 et
682 1555 849 1640 fluentis
875 1554 1051 1672 piscosis
1078 1553 1206 1640 totius
1221 1557 1395 1644 Rossiae
1426 1580 1470 1643 et
1483 1557 1662 1646 Sibiriae
1684 1562 1884 1677 frequens

193 1734 291 1814 est3
335 1740 432 1796 cum
460 1707 649 1794 anatibus
679 1695 833 1823 migrat
863 1730 907 1794 et
933 1737 957 1792 e
983 1706 1132 1824 primis
1159 1737 1258 1792 vere
1289 1712 1488 1795 adventat
1516 1711 1740 1799 solitarius.
1797 1719 1885 1828 Hy·

187 1867 339 1950 bernat
366 1861 495 1946 etiam
522 1858 676 1976 passim
706 1860 812 1946 locis
839 1859 1060 1946 fluminum
1088 1891 1174 1947 non
1202 1861 1489 1976 conglaciatis.
1547 1865 1642 1950 Ova
1670 1892 1799 1978 usque
1830 1865 1884 1948 ad
1991 1967 1995 1974 ι

186 2040 287 2103 octo
315 2016 430 2112 alba,
471 2011 717 2127 gallinaceis
745 2011 926 2119 similia,
954 2011 1243 2100 sescuncialis
1272 2012 1493 2129 ponderis,
1532 2015 1578 2098 in
1608 2015 1711 2102 nido
1739 2015 1885 2102 textili

184 2167 301 2254 inter
328 2164 564 2251 arundines.
622 2171 761 2250 Mater
788 2197 886 2254 cum
913 2163 1041 2282 pullis
1070 2186 1205 2268 natat,
1236 2164 1311 2283 qui
1343 2168 1532 2252 nondum
1559 2167 1789 2254 urinantur.

329 2320 441 2406 Not.
471 2318 576 2404 Avis
604 2317 846 2404 notissima.-
887 2323 984 2404 Mos
1011 2317 1171 2434 capite,
1201 2347 1298 2402 curn
1326 2315 1455 2403 initio
1483 2317 1606 2423 colli,
1636 2341 1727 2406 atro
1755 2317 1885 2406 viridi

186 2472 375 2572 serice03
423 2475 611 2584 foemina
651 2473 744 2558 rufo
756 2531 771 2570 ,
823 2474 899 2556 sed
940 2470 1037 2584 gula
1080 2470 1190 2556 alba.
1261 2469 1372 2554 Huic
1399 2470 1577 2554 masculi
1604 2470 1743 2585 primo
1773 2502 1884 2560 anno

186 2623 373 2723 similes,
427 2625 539 2708 unde
578 2645 677 2708 nate
718 2652 953 2738 synonyma
999 2642 1215 2708 auctorum
1257 2621 1333 2706 sub
1375 2633 1418 2723 β.
1447 2619 1655 2706 recensita
1683 2645 1728 2706 et
1766 2627 1887 2742 Roji

186 2776 367 2862 dubium
394 2779 533 2889 quoad
573 2773 864 2890 labyrinthum
904 2781 1025 2885 (syn.
1055 2807 1096 2888 p.
1134 2783 1264 2888 ren).
1336 2777 1385 2856 In
1415 2773 1610 2859 omnibus
1636 2774 1777 2862 nucha
1805 2772 1886 2860 cri·

187 2951 298 3014 stata
325 2927 475 3044 pennis
504 2925 660 3014 strictis
688 2925 1050 3041 dependentibus,
1093 2925 1311 3038 arrigiuis,
1354 2955 1455 3039 quas
1496 2929 1751 3053 Brissonii
1785 2925 1885 3011 icon

186 3111 277 3168 non
304 3078 523 3196 expressit.
580 3080 756 3165 Alarom
783 3109 881 3164 oreo
908 3077 954 3163 in
983 3077 1164 3162 moribus
1193 3107 1364 3191 magna,
1395 3079 1511 3180 alba,
1542 3077 1705 3191 postica
1735 3107 1883 3162 conca·

187 3256 352 3318 merata
394 3231 535 3348 strigis
572 3227 951 3346 longitudinalibus
993 3227 1148 3339 nigris,
1190 3259 1297 3344 quae
1325 3251 1420 3313 sunt
1449 3227 1657 3342 remigum
1685 3231 1882 3314 secunda·

188 3383 350 3469 riarum
379 3384 614 3498 margines3
640 3383 687 3468 in
704 3389 891 3492 foemina
919 3379 1136 3495 speculum
1166 3380 1277 3464 alere
1305 3380 1431 3495 plane
1461 3378 1617 3464 album.
1674 3384 1882 3466 Rectrices

185 3539 238 3624 in
269 3559 445 3660 utroque
483 3537 749 3633 octodecim,
791 3531 997 3618 cinereae.
1071 3532 1237 3618 Pondus
1280 3561 1404 3645 saepe
1446 3529 1697 3646 quadrilibri
1738 3537 1887 3646 majus.

187 3691 384 3776 Troclrco
421 3687 468 3773 in
510 3686 693 3773 maribus
732 3685 799 3773 bis
841 3683 1069 3800 ampullata
1111 3706 1230 3769 extra
1268 3681 1512 3786 thoracem,
1581 3682 1693 3766 intra
1734 3705 1886 3798 pectus

183 3841 394 3928 instructa
421 3839 669 3955 labyrintho
698 3837 906 3938 maximo,
936 3835 1148 3932 trilatero,
1179 3833 1368 3918 fenestris
1398 3831 1745 3916 membranaceis.
1789 3833 1880 3914 Ma·

187 4023 257 4082 res
293 3995 478 4080 secundo
517 4025 627 4080 anno
668 3997 859 4104 Mergum
899 3995 1100 4072 cinereum
1140 3987 1404 4070 Brissonr'i
1444 3987 1647 4088 referunt,
1710 4003 1884 4096 tumque

187 4147 404 4264 perlectos
433 4149 605 4233 demum
634 4144 796 4231 colores
824 4125 1057 4253 acquirunt.

603 4311 718 4398 358.
792 4295 1133 4392 MERGUS
1202 4297 1483 4392 Scrrotor.
1545 4407 1549 4416 ⁸
1799 4401 1802 4408 ¹

332 4455 395 4538 M.
424 4451 549 4538 crista
575 4447 740 4536 nuchae
768 4441 954 4561 simplici
981 4443 1273 4558 dependente,
1312 4443 1452 4558 capite
1481 4437 1711 4544 discolore,
1739 4439 1890 4553 jugulo

192 4603 437 4722 ferrugineo
466 4627 688 4721 punctato,
719 4622 853 4686 rostro
881 4593 1142 4681 tenuissimo.

417 4759 660 4870 Merganser
695 4773 867 4872 pectore
895 4751 1007 4854 rufo,
1065 4749 1206 4836 Albin.
1236 4777 1299 4834 oo.
1329 4749 1386 4830 u.
1414 4746 1500 4830 tob.
1535 4777 1625 4830 ror.
1684 4740 1886 4829 Eumae

474 4907 923 5024 mstpmffi
