4778 6044
1023 469 1171 516 ““·--““··“·“·“
1865 469 1953 552 323

365 669 509 756 Rossis
536 671 590 754 ad
611 698 724 754 mare
744 663 943 782 Caspium
970 664 1122 776 Rybals
1144 661 1363 782 (piscator)
1397 669 1467 754 rel
1482 672 1663 758 Gluchar
1678 672 1948 785 (Surdaster).

367 821 529 906 Tataris
564 823 820 907 Charoboltb

393 982 443 1058 In
471 974 696 1060 solomari
724 970 892 1088 caspico
917 967 1156 1088 hospitatur
1182 995 1226 1058 et
1253 975 1429 1090 quidem
1457 977 1665 1090 frequens.
1755 985 1821 1062 Ex
1849 995 1944 1066 abre

256 1155 474 1242 suspensus
514 1126 649 1242 pisces
689 1124 893 1239 jaculatur
929 1147 976 1246 ut
1015 1124 1228 1212 Atticille.
1301 1131 1342 1212 V
1340 1161 1395 1214 ox
1432 1127 1544 1216 inter
1583 1131 1811 1214 volandum
1837 1135 1980 1236 lida„

255 1283 334 1364 tta
360 1301 489 1382 sonat,
519 1279 668 1394 gravis,
698 1274 905 1364 coracina.
959 1278 1052 1360 Ova
1079 1276 1125 1360 in
1153 1277 1291 1390 glarea
1319 1279 1531 1364 maritima
1559 1283 1671 1365 nuda
1698 1280 1939 1386 insularum,

253 1432 407 1546 magis,
439 1461 565 1544 quam
593 1431 640 1516 in
668 1428 1000 1544 congeneribus‚
1044 1428 1243 1545 oblonga,
1282 1431 1660 1546 grymo-pallida,
1696 1433 1825 1546 guttis
1854 1463 1941 1518 cre-

253 1585 339 1670 bris
367 1583 593 1697 majoribus
622 1581 950 1696 minoribusque,
990 1582 1117 1667 fuscis
1146 1583 1348 1688 obscuris,
1402 1607 1446 1668 et
1473 1583 1674 1670 obsoletis
1703 1615 1942 1703 conspersa,

247 1758 403 1840 ovata,
435 1736 506 1820 axi
534 1737 593 1822 un.
628 1735 721 1821 tom.
750 1732 956 1820 diametro
989 1735 1044 1820 1⁰.
1080 1731 1172 1822 11⁰2

385 1893 561 1976 Descr.
587 1889 834 2001 Magnitudo
861 1884 1034 1970 Anseris
1063 1885 1379 2004 erythropodis,
1409 1888 1496 1974 imo
1526 1919 1650 2004 saepe
1680 1900 1834 2007 major3
1863 1867 1938 1980 sed

249 2039 434 2126 minores
463 2067 629 2156 quoque
658 2041 822 2124 dantur.
878 2041 1069 2124 Rostrum
1096 2041 1333 2135 robustum,
1376 2040 1543 2126 brevius
1572 2066 1615 2126 et
1645 2047 1933 2160 compressius,

248 2223 375 2308 quam
402 2192 448 2277 in
477 2200 524 2278 L.
559 2191 863 2288 cachinnante,
904 2191 1173 2276 extremitate
1216 2191 1476 2276 verticaliter
1516 2195 1744 2294 latescens,
1793 2198 1935 2284 carina

246 2343 492 2458 insigniter,
531 2347 605 2430 sed
633 2347 781 2430 obtuso
810 2344 962 2456 angulo
990 2346 1315 2458 protuberante,
1356 2345 1770 2449 undulato·torosa;
1822 2359 1935 2436 calor

246 2503 335 2610 ejus
363 2495 454 2582 basi
481 2496 814 2592 livido-flavus,
844 2497 947 2580 dein
973 2495 1098 2580 litura
1128 2492 1319 2579 annulari
1345 2498 1588 2596 coccineus,
1631 2499 1738 2585 citra
1768 2502 1933 2618 apicem

248 2651 401 2734 flavum
429 2652 579 2736 fuscus.
646 2651 779 2735 Nares
817 2645 1047 2760 oblongae,
1088 2646 1295 2762 posterius
1323 2645 1370 2730 in
1399 2647 1549 2732 rimam
1579 2673 1844 2764 angustatae,
1889 2675 1932 2738 et

246 2803 362 2886 sulco
399 2806 687 2905 continuatae,
730 2799 919 2912 margine
960 2797 1169 2882 inferiore
1205 2818 1438 2884 antrorsum
1471 2801 1517 2886 in
1543 2802 1667 2886 rostri
1696 2803 1931 2918 marginem

244 2977 506 3040 excurrente.
575 2955 637 3041 Os
663 2956 847 3038 rubrum.
912 2952 1043 3036 Irides
1069 2951 1382 3038 fusco-luteae.
1443 2957 1580 3069 Caput
1607 2979 1761 3062 totum,
1799 2987 1929 3072 usque

245 3109 301 3192 ad
327 3105 516 3192 medium
543 3109 722 3210 collum,
761 3131 892 3221 opace
922 3125 1081 3203 atrum3
1122 3099 1319 3220 palpebra
1346 3125 1520 3218 utraque
1548 3107 1780 3224 posteriore
1808 3133 1927 3225 parte

247 3260 353 3362 alba,
384 3261 540 3346 cantho
566 3281 709 3346 tamen
738 3257 869 3372 nigra.
912 3259 1075 3342 Collum
1102 3254 1291 3358 inferius,
1322 3255 1409 3340 avis
1436 3260 1579 3344 subtus
1604 3283 1699 3346 tota
1722 3283 1766 3346 et
1793 3265 1929 3347 cauda

244 3411 455 3526 aequalis,
500 3442 596 3498 cum
630 3412 714 3496 suis
753 3406 1140 3495 tectricibus-nive
1169 3407 1427 3494 candidiora.
1495 3413 1675 3496 Dorsum
1703 3435 1747 3496 et
1773 3443 1926 3525 uropy·

239 3575 359 3679 giam
385 3562 578 3668 dilutius,
622 3565 711 3648 alae
741 3585 862 3646 extus
888 3561 1052 3644 intense
1079 3559 1364 3674 leucophaea3
1420 3563 1485 3646 ala
1512 3583 1653 3648 tamen
1682 3563 1927 3650 secundaria

244 3739 289 3802 et
314 3716 454 3834 spuria
479 3713 787 3800 summitatibus
812 3741 1043 3828 pennarum
1083 3711 1334 3796 albentibus.
1404 3716 1491 3799 Alo
1518 3725 1715 3830 primaria
1743 3739 1831 3802 tota
1862 3715 1924 3802 ni·

244 3899 345 3976 rea,
373 3869 599 3954 introrsum
623 3860 828 3982 paulatim
854 3862 1142 3948 incanescens.
1196 3864 1351 3948 Ramex
1387 3889 1454 3946 1¹¹²·
1483 3869 1624 3978 apice,
1657 3886 1701 3950 et
1729 3863 1830 3952 hinc
1859 3899 1922 3952 us·

244 4051 325 4140 que
353 4024 407 4107 ad
433 4018 554 4106 basin
581 4017 793 4104 exteriore
821 4017 952 4102 latere
983 4013 1120 4129 nigra,
1153 4047 1175 4096 a
1207 4015 1259 4096 ad
1287 4027 1326 4100 5.
1356 4014 1477 4130 apice
1505 4015 1610 4100 item
1637 4017 1781 4130 nigrae
1809 4017 1922 4104 inae·

245 4175 438 4292 qualiter,
468 4193 586 4258 sexta
614 4170 753 4255 areola
779 4191 944 4256 tantum
971 4167 1090 4281 nigra
1116 4164 1291 4251 interius
1320 4189 1476 4268 notata3
1506 4165 1692 4284 reliquae
1720 4167 1920 4256 interiore

239 4329 372 4413 latere
399 4355 555 4428 canae;
611 4346 654 4409 at
681 4318 950 4410 secundariae
976 4342 1091 4406 totae
1119 4349 1271 4425 canae,
1313 4317 1581 4404 extremitate
1608 4319 1782 4436 oblique
1810 4324 1918 4408 alba.

240 4481 368 4566 Pedes
393 4477 510 4565 fusco
524 4529 538 4545 ·
551 4476 685 4582 rubri,
726 4475 933 4590 unguibus
973 4471 1099 4558 fuscis
1139 4471 1406 4556 acutioribus·
1468 4475 1662 4560 Mensura
1691 4475 1744 4558 ad
1770 4505 1919 4588 uropy·

241 4631 357 4748 gium
390 4631 626 4738 1'.6”.9'‘'.
668 4632 824 4716 caudae
852 4627 914 4738 7''.
943 4625 1016 4712 8⁶¹.
1057 4626 1181 4711 ulnae
1223 4626 1380 4710 alarum
1415 4613 1470 4708 1'.'
1489 4627 1550 4718 6‘'.
1593 4627 1685 4709 ram.
1726 4655 1918 4712 excessus

240 4785 398 4870 alarum
426 4783 535 4868 ultra
562 4784 739 4870 caudam
769 4783 828 4867 3''.
857 4776 980 4866 rostri
1014 4777 1066 4862 r'‘.
1101 4780 1194 4864 rom.
1224 4778 1277 4864 ad
1312 4775 1395 4862 oris
1430 4777 1604 4890 angulos
1633 4777 1692 4862 δ”.
1721 4777 1793 4880 4’”.
1822 4809 1916 4892 pars

237 4939 351 5024 nuda
375 4939 582 5026 femorum
618 4937 671 5024 r''.
708 4935 773 5024 r'‘'.
801 4933 934 5021 tibiae
964 4933 1023 5020 a''.
1058 4937 1150 5020 rom.
1182 4928 1339 5046 digitus
1367 4927 1529 5016 medius
1559 4933 1616 5044 (c.
1645 4958 1687 5016 u·
1716 4925 1826 5042 4l'''.)
1857 4923 1913 5015 a'.

1459 5091 1480 5137 Ι
