4734 6070
493 489 584 558 ΠΟ
1256 483 1407 548 Ε

474 691 536 782 'in
559 703 654 782 ”iffi
672 689 878 811 lffillflnb
908 691 1045 780 ‘3⁰⁰ae
1065 684 1352 820 exanimetur,
1377 711 1595 812 praeterea
1615 688 1857 780 nutriuntur
1874 683 2014 810 grams
2034 689 2165 802 variis,
2328 657 2329 696 ᾗ

484 877 612 968 pane,
638 868 744 936 caet.
757 845 1016 934 omnivorae.
1050 851 1412 963 vaganturusque
1426 847 1480 932 ad
1494 843 2093 964 noctemettuncpraesertim
2106 875 2168 932 vo·

485 1025 653 1092 nentur.
719 1001 973 1090 Transvolas
999 1027 1256 1116 urngerteres
1291 999 1477 1088 clamore
1502 997 1714 1106 salutant,
1770 1021 1820 1085 et
1845 1021 1947 1086 tune
1974 996 2089 1113 ipsae
2114 995 2170 1084 in·

485 1155 658 1274 quietae
685 1155 924 1242 discurrunt
948 1174 996 1240 et
1022 1150 1298 1240 volaturirmt.
1325 1199 1383 1220 -
1408 1151 1702 1270 spontaneae,
1751 1153 1856 1238 dum
1884 1167 2083 1236 autumno
2109 1147 2172 1236 val

488 1329 590 1396 vere
617 1307 824 1426 gregatim
854 1305 1028 1410 volant,
1076 1304 1215 1392 aciem
1242 1305 1369 1422 longa
1394 1303 1503 1392 serie
1531 1303 1706 1422 obliqua
1731 1301 1969 1408 instruunt,
2013 1301 2082 1388 vel
2108 1330 2174 1388 cu·

487 1489 571 1550 nso
599 1462 773 1564 volant,
809 1491 909 1548 curn
936 1457 1141 1546 continuo
1169 1460 1380 1576 clangore.
1410 1509 1462 1528 -·
1517 1459 1629 1545 Pulli
1654 1457 1795 1576 primo
1824 1483 1934 1542 anuo
1958 1452 2046 1542 toti
2069 1451 2176 1542 cine·

489 1610 555 1702 uei
568 1675 584 1717 ,
609 1613 756 1734 jugulo
783 1613 860 1701 vix
887 1609 1150 1737 nigricante,
1178 1609 1359 1700 iridibus
1386 1610 1539 1718 luscis,
1582 1633 1718 1700 rostro
1743 1609 1908 1716 livido,
1946 1603 2177 1727 superciliis
2328 1651 2329 1704 z

486 1763 778 1862 cinerescento
807 1765 986 1871 albidis,
1030 1761 1147 1852 haud
1174 1763 1385 1870 cristatis,
1427 1763 1689 1853 inconcinni.
1757 1765 1840 1850 Sed
1866 1759 2064 1878 sequenti
2090 1779 2178 1879 post

487 1917 759 2008 nativitatem
786 1947 888 2010 vere
918 1918 1084 2050 plumas
1110 1917 1390 2032 elegantiores
1417 1915 1627 2024 induunt,
1669 1913 1981 2034 leucophaeas,
2011 1935 2178 2030 tumque
2328 1971 2329 2014 2

488 2069 729 2188 superciliis
764 2071 944 2190 prolixis
978 2068 1150 2160 sericeis
1187 2069 1295 2156 albis
1329 2067 1488 2156 aurime
1522 2072 1752 2176 incedunt,
1809 2090 1854 2155 et
1880 2067 2026 2184 jubam
2051 2059 2179 2182 juguli

488 2221 655 2340 tigrem
687 2223 966 2344 promittunt,
1016 2244 1191 2343 propter
1216 2251 1345 2338 quarn
1373 2255 1398 2308 a
1425 2221 1608 2340 Kirgisis
1631 2221 1908 2310 orientalibus
1935 2249 2037 2308 caro
2067 2211 2182 2304 aesti-

486 2397 685 2482 mantur,
723 2377 881 2496 partim
907 2379 1024 2495 quod
1052 2377 1164 2494 apud
1191 2405 1264 2462 eos
1292 2375 1432 2462 minus
1458 2377 1700 2492 frequentes
1728 2397 1850 2480 sunt,
1897 2373 2015 2462 circa
2041 2365 2182 2458 fluvio·
2328 2371 2329 2384 '

483 2529 550 2622 lot
598 2531 811 2637 Utoutca,
861 2529 1102 2618 Jolssolribai
1129 2551 1176 2614 et
1216 2531 1380 2616 Arrheto
1407 2529 1654 2648 praesertim
1682 2551 1978 2635 occurrentes,
2033 2521 2182 2646 partim

486 2683 604 2801 qnod
633 2685 803 2772 adultae
831 2705 876 2770 et
902 2683 1117 2800 perfectae
1146 2680 1411 2769 difficillime
1451 2681 1718 2782 occiduntur,
1786 2679 1898 2766 Hinc
1928 2679 2019 2768 avis
2048 2679 2184 2790 hujus·

484 2835 608 2924 modi
635 2836 822 2953 quinque
848 2835 1026 2941 ovibus,
1074 2834 1164 2922 imo
1193 2863 1326 2952 equae
1367 2833 1671 2951 aequiparatur.
1738 2837 1845 2922 Sunt
1870 2831 1989 2920 enim
2031 2826 2182 2950 puellis
2328 2833 2329 2846 '

485 2987 713 3076 ditioribus
741 2987 1018 3108 praecipuum
1045 3010 1338 3074 ornamentum
1364 2989 1545 3090 mitrae,
1579 2989 1690 3076 colla
1719 2991 1804 3078 duo
1830 2986 1983 3076 harum
2012 2991 2182 3084 Gruum.

486 3169 588 3230 cum
613 3139 725 3254 jubis
752 3139 884 3256 nigris
911 3142 1101 3228 detracta
1129 3163 1174 3228 et
1202 3172 1325 3260 supra
1351 3139 1531 3230 bacillos
1558 3139 1730 3242 siccata,
1757 3163 1805 3228 ut
1824 3169 2029 3228 cornuum
2060 3135 2184 3224 modo

490 3292 644 3380 mitrae
672 3291 818 3408 adfiigi
844 3291 1032 3410 possint,
1076 3293 1201 3408 quale
1229 3317 1522 3384 ornamentum
1564 3299 1755 3384 Korlroru
1782 3317 1970 3382 vocatur.
2030 3299 2185 3380 Matre·

484 3437 610 3562 liujus
636 3443 798 3564 speciei
824 3445 1017 3534 exclusos
1044 3467 1213 3534 teneros
1240 3448 1379 3565 pullos
1407 3445 1550 3534 statim
1568 3446 1615 3535 in
1638 3449 1743 3534 altas
1769 3445 1925 3535 herbas
1954 3447 2184 3544 deducunt,

485 3617 534 3684 ut
555 3587 672 3684 bene
699 3599 874 3688 lateant.
931 3604 1104 3715 Lanugo
1129 3599 1343 3687 tonsillis
1370 3597 1415 3687 in
1445 3599 1585 3719 capite
1614 3603 1844 3688 flavescens
1870 3600 2042 3718 corpori
2070 3595 2187 3684 cine·

487 3775 681 3856 rascens,
724 3751 952 3870 variegata.
1009 3749 1353 3868 Magnitudinem
1379 3752 1506 3842 Gruis
1531 3751 1685 3842 tribuit
1713 3753 1817 3844 huic
1853 3757 1993 3842 Gmel
2000 3762 2116 3838 inus
2141 3744 2186 3834 in

485 3903 601 4020 Sytt.
631 3933 740 4024 quae
767 3927 933 3990 tantum
959 3903 1142 3992 distata
1171 3910 1310 4012 Gruc,
1341 3929 1543 4024 quantum
1572 3906 1781 4022 gallinas
1808 3909 2108 4024 Gallopouone.

623 4058 799 4146 Descr.
828 4059 1078 4172 Magnitudo
1106 4057 1287 4145 dimidia
1313 4063 1386 4146 Gr.
1412 4067 1611 4173 nugaris,
1640 4089 1724 4176 qua
1752 4057 1892 4148 adhuc
1920 4057 2186 4174 graciliores

482 4206 760 4329 proportione
787 4209 1018 4326 procerior.
1072 4213 1266 4300 Rosmm
1292 4209 1429 4298 livido
1452 4211 1676 4318 virescens,
1707 4210 1829 4329 apice
1845 4211 1985 4298 lurido
2003 4210 2180 4296 rubente
2328 4201 2329 4230 ¹

485 4357 534 4448 in
563 4361 733 4450 adultis.
790 4365 954 4477 Lingua
980 4359 1269 4477 integerrima.
1327 4365 1437 4452 Gula
1464 4386 1554 4450 tota
1582 4365 1800 4484 plumosa,
1829 4393 1967 4480 neque
1994 4370 2089 4452 loro
2118 4361 2185 4446 de·

485 4513 659 4601 nudata.
732 4515 868 4604 lridas
902 4543 999 4600 cum
1035 4513 1197 4602 circulo
1233 4515 1480 4604 scleroticaa
1511 4518 1628 4604 fulvo
1649 4519 1798 4606 rubrae
1830 4519 1902 4604 vel
1929 4515 2185 4616 corallinaea

482 4669 872 4784 panophtlrulmium
911 4665 1365 4781 lusco·marginaturn.
1435 4671 1573 4788 Caput
1605 4700 1703 4756 cum
1742 4677 1851 4758 collo
1893 4691 1986 4756 toto
2014 4691 2060 4754 et
2090 4665 2187 4782 juba

483 4815 652 4934 prolixa
688 4819 823 4934 juguli
863 4817 1013 4958 nitide·
1041 4817 1266 4918 aterrirna3
1317 4841 1457 4910 vertes
1496 4821 1662 4910 mediru
1688 4821 1888 4910 canescit.
1954 4817 2186 4938 Palpebrae

485 4967 586 5060 albo
621 4969 866 5088 plumosae,
914 4973 1106 5090 margine
1144 4969 1316 5090 nigrae,
1358 4977 1503 5088 sossio
1531 4977 1585 5062 ab
1611 4975 1748 5063 oculis
1775 4973 1928 5084 nivea,
1984 4971 2186 5090 utrinqu·
2328 4991 2329 5004 ¹
