4778 6044
489 495 581 604 366
1137 477 1143 490 ’
1258 527 1404 575 -····-·-····-

628 729 673 812 N
685 749 747 814 ot.
777 731 812 814 E
842 725 947 814 mari
969 723 1169 813 onentali
1193 727 1356 813 adlatae
1379 725 1505 844 paulo
1528 729 1702 838 majores
1723 704 1963 839 enropaeis3
1991 747 2172 814 rostrum

488 875 558 967 his
586 879 717 966 etiam
745 881 870 966 latins
899 903 943 965 et
970 880 1197 980 robustius;
1227 883 1447 966 Cornicula
1469 875 1755 994 supraciliaria
1776 905 1924 960 carnea
1947 881 2175 990 majuscula

487 1030 596 1139 (vid.
624 1042 821 1146 iconem).
849 1037 908 1146 (*)
946 1031 1137 1116 Similem
1166 1030 1268 1116 huic
1297 1063 1431 1135 avem,
1463 1033 1535 1114 sed
1564 1031 1661 1114 albo
1690 1051 1835 1132 rostro,
1864 1027 1909 1112 in
1936 1027 2083 1112 insulis
2096 1029 2177 1115 Cu·

484 1181 575 1266 rilis
610 1213 735 1300 saepe
771 1184 934 1288 eminus
974 1215 1066 1270 ase
1096 1183 1229 1270 visam
1254 1185 1432 1270 tradidit
1469 1187 1651 1269 Steller
1689 1205 1734 1266 et
1762 1179 1962 1266 coccineo
1999 1182 2176 1268 Tatesiue

484 1335 537 1418 nd
566 1333 851 1422 Camtschatc.
1115 1431 1117 1436 ,

607 1513 727 1615 417.
814 1499 1096 1588 LUNDA
1169 1500 1504 1618 psitiocnlct.
1579 1495 1712 1586 TAB.
1790 1493 2050 1586 LXXXIV.

622 1645 671 1722 L.
715 1663 849 1727 rostro
889 1646 1093 1728 subovato
1133 1645 1258 1728 rubro
1300 1671 1486 1748 reverse,
1529 1669 1703 1756 corpore
1733 1638 1874 1752 nigro,
1918 1641 2046 1752 striga
2076 1637 2173 1722 albu

484 1789 737 1879 suboculari.

700 1947 809 2032 Alea
836 1946 1085 2064 psittacula,
1134 1950 1242 2036 Poll.
1271 1951 1413 2066 Spicil.
1443 1949 1492 2032 V.
1523 1976 1563 2062 p.
1603 1959 1648 2034 15
1691 1946 1777 2031 tab.
1808 1980 1847 2032 a.
1875 1965 1929 2032 et.
1960 1955 1999 2031 5.
2018 1941 2174 2057 fag-4·

757 2100 814 2184 ad
846 2115 885 2186 6.
914 2103 1086 2188 Gmelin.
1115 2124 1220 2215 syst.
1250 2105 1340 2185 Lin.
1368 2105 1424 2186 Π.
1454 2133 1495 2216 p.
1527 2109 1620 2186 553.

699 2253 902 2338 Perroket
943 2255 1062 2358 Aula,
1125 2255 1320 2340 Pennont.
1362 2253 1482 2338 Zool.
1526 2274 1628 2336 arat.
1672 2255 1724 2336 ῙΙ.
1770 2280 1811 2366 ρ.
1855 2263 1950 2354 5ι4.
1990 2277 2030 2332 n.
2071 2255 2170 2352 433.

757 2406 947 2491 Laidem.
977 2437 1043 2491 av.
1076 2409 1124 2492 V.
1154 2440 1195 2522 p.
1227 2421 1320 2494 325.
1348 2439 1388 2490 n.
1420 2439 1458 2511 9.
1489 2403 1573 2488 tab.
1605 2419 1656 2512 95
1690 2407 1775 2516 fig.
1808 2437 1847 2488 a.

588 2549 731 2638 Rossis
758 2553 913 2642 insulas
943 2588 1084 2643 versus
1114 2557 1356 2644 Americam
1388 2556 1751 2670 frequentantibus
1779 2555 1963 2640 Morskoi
1988 2552 2174 2652 Kamds3

646 2707 699 2790 ad
727 2692 1014 2794 Ochotensem
1045 2711 1182 2796 sinum
1211 2713 1402 2796 testate
1429 2713 1525 2820 (**).
1585 2707 1742 2794 Curilis
1770 2709 1997 2792 Naatschu.

619 2861 668 2942 In
699 2859 805 2944 mari
833 2860 944 2944 circa
972 2861 1129 2948 insulas
1163 2863 1327 2950 Curilas
1357 2885 1399 2946 et
1427 2891 1568 2944 versus
1597 2857 1838 2944 Americam
1867 2879 2060 2942 extensas
2087 2887 2176 2945 non

479 3003 722 3126 infrequens
764 3015 879 3112 avis,
935 3045 1014 3100 nec
1054 3015 1167 3102 circa
1203 3010 1540 3100 Camtschatcam
1570 3013 1711 3110 deest,
1765 3013 1839 3094 sed
1868 3007 2011 3095 rarior.
2084 3013 2171 3096 Sub

479 3185 648 3247 noctem
692 3195 716 3247 e
754 3163 859 3249 mari
896 3191 1051 3252 terram
1090 3191 1287 3284 repetens
1330 3193 1453 3279 saepe
1492 3161 1538 3246 in
1567 3193 1691 3248 naves
1719 3161 1881 3248 involat
1908 3185 1953 3246 et
1980 3161 2178 3250 littorum

480 3311 551 3394 vel
579 3319 844 3430 scopulorum
875 3317 1076 3403 viciniam
1106 3321 1243 3404 nautis
1270 3316 1445 3403 indicat.

619 3467 661 3548 N
671 3491 732 3551 ot.
769 3505 802 3554 1.
842 3471 1028 3554 Adultae
1059 3471 1149 3556 avis
1180 3493 1414 3556 accuratam
1444 3465 1771 3582 descriptionem
1803 3469 1905 3553 dedi
1934 3467 1980 3552 in
1996 3467 2185 3584 Spicile·

475 3613 588 3727 -giis3
646 3623 902 3706 monendum
933 3646 1266 3726 tentamentum,
1305 3653 1412 3736 quae
1440 3625 1493 3706 de
1525 3621 1711 3708 moribus
1739 3644 1783 3706 et
1809 3620 1955 3706 indole
1985 3617 2185 3736 praemo-

479 3765 571 3852 nita
600 3797 718 3874 sunt,
749 3795 797 3858 ut
825 3796 867 3858 et
894 3775 1068 3861 nomina
1096 3779 1290 3878 barbara,
1321 3775 1502 3891 plurima
1531 3797 1731 3889 exparte
1761 3777 1813 3858 ad
1846 3777 1992 3860 Uriam
2020 3785 2187 3858 senicu-

480 3925 588 4025 tam,
632 3925 743 4012 mihi
778 3949 878 4011 tunc
916 3931 1107 4012 nondum
1142 3928 1375 4043 cognitam,
1416 3949 1461 4012 et
1497 3928 1572 4012 sub
1609 3927 1782 4011 nomine
1812 3923 1968 4010 rossico
2001 3927 2192 4034 (Stant,

479 4085 630 4188 senex)
659 4111 683 4162 a
711 4083 749 4162 Κ
760 4083 1128 4166 rascheniniko
1131 4085 1216 4192 fio
1256 4080 1385 4166 etiam
1416 4077 1516 4164 hnic
1546 4081 1715 4166 Lundae
1743 4085 1989 4194 psittaculae
2016 4075 2193 4190 impro-

479 4227 573 4338 prie
605 4231 841 4344 adplicata,
886 4232 1012 4346 vulgo
1041 4231 1319 4337 militantem,
1360 4231 1586 4347 pertinere.
1645 4231 1756 4316 Hinc
1781 4228 1911 4317 etiam
1940 4231 2193 4342 descnptio

476 4385 791 4412 ffi—

523 4459 591 4552 ὶ(Ἴ
619 4466 788 4534 Curatius
828 4481 932 4528 avem
971 4459 1114 4533 Tunius
1153 4465 1189 4529 in
1229 4461 1395 4530 iconlbus
1437 4463 1480 4531 A.
1518 4457 1740 4531 Camtschat.
1765 4459 1810 4525 ad
1837 4463 1960 4526 vivam
1988 4460 2115 4546 pinxit
2151 4463 2201 4528 et

616 4605 772 4674 unguem
800 4587 981 4650 interioris
1008 4584 1109 4672 digiti
1137 4589 1249 4673 magis
1276 4589 1466 4652 curvatum
1498 4583 1735 4650 unciiormem
1767 4587 1806 4648 et
1830 4601 2016 4648 reversum
2042 4584 2081 4646 in
2112 4579 2201 4652 hnc

609 4709 715 4776 utin
744 4709 779 4771 i..
807 4701 967 4772 cirrhata
993 4704 1215 4774 observavit.

533 4887 609 4988 (”)
644 4891 797 4981 Reliqua
824 4891 974 4958 nomina
999 4857 1148 4960 barbara
1176 4891 1219 4957 ad
1253 4889 1347 4960 hanc
1373 4891 1528 4982 speeiem
1555 4894 1590 4956 in
1618 4889 1794 4984 Spaiiegiis
1820 4911 1840 4960 a
1866 4911 1924 4962 me
1949 4889 2097 4980 reim,
2144 4891 2205 4964 ιδ

613 5005 731 5086 Utinm
756 5011 921 5084 tenatiam
946 5015 1069 5102 potins
1094 5015 1281 5084 referenda
1307 5031 1407 5102 sunt,
1434 5013 1524 5080 mihi
1547 5021 1634 5084 tunc
1659 5019 1830 5106 ignotam.
