4734 6070
499 439 598 534 464Δ

495 673 595 760 dem
624 699 751 788 quam
774 663 1169 782 Phoeni-coprems)
1197 665 1357 746 Anates
1385 653 1697 774 quodammodo
1725 653 1968 744 aemulatur.
2018 661 2163 752 Tamen

495 824 776 942 proceritate,
816 819 997 936 pedibus
1038 846 1161 934 supra
1199 842 1334 940 genna
1374 810 1459 896 alte
1488 808 1639 914 nudis,
1681 809 1982 927 semipalmatis
2021 833 2062 898 et
2084 833 2164 900 toto

497 974 649 1064 habitu
677 973 894 1092 corporis,
927 973 979 1060 ad
1008 971 1171 1058 Grallas
1197 995 1296 1052 vere
1324 963 1527 1083 pertinet.
1592 967 1754 1050 Natura
1781 993 1859 1080 pro
1886 963 2080 1080 singulari
2104 997 2166 1052 nu·

495 1129 725 1234 trimento,
754 1129 868 1246 quod
896 1125 1149 1243 quibusdam
1176 1121 1323 1208 avibus
1352 1115 1608 1232 adsignavit,
1638 1116 1770 1204 etiam
1797 1115 1999 1234 singulari
2026 1121 2169 1230 consor·

497 1280 684 1371 matione
714 1279 837 1368 rostri
865 1277 1129 1398 prospexisse
1157 1273 1346 1383 videtur,
1375 1267 1687 1362 characteribus
1714 1268 1911 1360 ordinum
1938 1271 2174 1360 naturalium

495 1463 709 1552 nunquam
736 1433 882 1522 stricte
912 1431 1159 1520 adhaerens.

799 1749 916 1847 279.
1006 1725 1043 1816 P
1065 1727 1101 1816 L
1121 1721 1227 1819 AT
1246 1725 1287 1814 E
1305 1725 1342 1815 L
1359 1723 1401 1814 E
1419 1721 1464 1814 Α
1524 1719 1889 1819 Leucorodlo.

635 1897 682 1978 P.
709 1891 837 1979 crista
866 1889 1055 2006 artigua,
1085 1918 1261 2006 corpore
1290 1887 1428 1974 niveo.

720 2045 865 2132 Platea
893 2070 938 2130 et
965 2041 1249 2129 Leucorodias
1275 2046 1537 2143 Auctorum‚
1565 2041 1728 2128 Marsil.
1757 2037 1908 2126 danub.
1939 2039 1991 2128 V.
2020 2037 2103 2128 tob.
2127 2071 2179 2126 aa.

720 2198 1006 2301 Albardeole,
1036 2197 1177 2284 Albin.
1208 2228 1273 2280 av.
1303 2197 1359 2280 Η.
1394 2194 1479 2280 tob.
1510 2205 1577 2282 66.

720 2348 866 2436 Platea
896 2347 1059 2454 Brissa,
1089 2351 1273 2435 Britton.
1303 2379 1369 2433 nv.
1400 2347 1451 2432 V.
1480 2377 1519 2462 p.
1549 2359 1643 2436 352.
1673 2376 1712 2433 n.
1747 2379 1783 2432 ι.

533 2494 536 2500 ’
717 2503 908 2590 Platelea
934 2499 1224 2605 lencorodia,
1252 2503 1342 2586 Lin.
1372 2520 1474 2613 synt.
1504 2502 1599 2585 XII.
1627 2501 1661 2584 l.
1690 2532 1732 2617 p.
1768 2551 1787 2567 -
1813 2549 1830 2570 ·

716 2661 777 2742 La
804 2657 1010 2773 Spatule,
1041 2654 1259 2741 D’aubent.
1289 2661 1388 2769 pict.
1416 2653 1503 2740 tob.
1536 2671 1632 2762 4⁰⁰·
1662 2652 1827 2768 (adulta
1845 2649 2057 2768 cristata).
2083 2653 2185 2764 Buff·

776 2841 862 2896 om.
892 2809 986 2894 VH.
1016 2841 1057 2926 p.
1086 2819 1182 2912 448.
1211 2807 1298 2892 tab.
1330 2823 1395 2912 24·

724 2959 878 3080 White
907 2958 1151 3080 Spoonbill,
1179 2962 1371 3044 Lothom.
1401 2990 1471 3046 oo.
1499 2957 1550 3045 V.
1580 2993 1622 3078 p.
1657 2966 1722 3044 ιδ.

607 3115 783 3208 Rosaice
808 3118 991 3232 Kolpilr,
1017 3113 1219 3232 Kolpiza'3
1247 3111 1489 3200 Malorossis
1515 3116 1713 3231 chdtcn·

608 3269 788 3386 Kirgiais
816 3271 974 3356 Stabulo
988 3321 1001 3334 ·
1017 3271 1160 3354 buren.

607 3421 824 3538 Mongolis
852 3423 1145 3536 Cholbogontu
1173 3415 1534 3535 (Cochlearius),
1562 3420 1635 3508 vel
1659 3421 1845 3536 Rogata

607 3575 807 3664 Armenia
834 3576 1152 3662 haret-etate.

638 3727 831 3815 Maxima
859 3727 983 3844 copia
1023 3725 1070 3812 in
1113 3725 1360 3814 australibus
1386 3727 1560 3815 Rosaiae
1572 3788 1588 3829 ,
1635 3726 1748 3817 circa
1787 3758 1901 3816 mare
1942 3725 2187 3848 praesertim

497 3879 714 3998 caspium,
755 3877 947 3967 Maeotin
974 3900 1019 3965 et
1046 3879 1288 3988 Euxinum,
1329 3881 1561 3997 fluviosque
1604 3888 1783 3996 majores
1827 3913 1880 3970 eo
1908 3885 2189 3984 decurrentes,

495 4063 688 4122 necnon
716 4033 831 4118 lacus
861 4038 1039 4144 maj0res
1065 4032 1195 4121 totius
1223 4031 1380 4121 deserti
1407 4030 1601 4137 marici,
1630 4062 1960 4153 camporumque
1983 4037 2185 4122 Baraben·

494 4183 607 4273 sium
637 4160 847 4288 occurrit,
880 4213 1018 4300 neque
1044 4181 1091 4270 in
1118 4187 1366 4302 Mongoliae
1394 4183 1573 4274 desertis
1601 4187 1723 4272 deest
1749 4209 1794 4274 et
1821 4188 1937 4274 lacus
1965 4191 2024 4275 ad
2052 4189 2186 4274 Selen-

499 4367 596 4454 gam
625 4359 669 4422 et
696 4341 917 4454 Argunum
943 4339 1166 4451 quotannis
1195 4342 1444 4460 frequentat.
1513 4339 1708 4454 Sylvoaas
1749 4363 1794 4428 et
1835 4340 2097 4428 borealiores
2131 4365 2187 4422 re·

471 4489 643 4608 ·giones
670 4520 756 4576 non
784 4487 898 4592 adit3
946 4487 1156 4606 hybernat
1191 4491 1238 4580 in
1267 4490 1514 4582 australibus
1543 4492 1735 4600 Persiae,
1780 4493 1951 4601 Indiae,
1995 4492 2185 4592 Chione,

495 4671 695 4762 quorsum
724 4665 885 4728 mature
914 4641 1016 4729 abit.
1084 4651 1181 4732 Post
1223 4647 1443 4734 educatam
1480 4649 1646 4766 prolem
1687 4649 1741 4733 ad
1781 4671 1947 4765 pastum
1973 4642 2181 4764 gregatim

492 4799 694 4903 evolant,
727 4793 889 4911 magnis
916 4782 1065 4885 turmis
1092 4799 1138 4885 in
1164 4822 1472 4903 transversum,
1499 4801 1795 4901 rectilineum,
1822 4802 2102 4918 strictumque
2127 4823 2185 4881 or·

489 4949 640 5046 dinem
666 4947 853 5041 extensis
865 5009 879 5064 2
923 4951 1189 5043 serenissimo
1227 4984 1395 5075 quoque
1432 4971 1527 5046 aere
1567 4975 1613 5044 et
1653 4955 1861 5046 altissimo
1901 4953 2008 5044 licet
2047 4950 2186 5042 volatu
