4696 6054
978 443 1122 496 ==
1372 477 1374 482 ·
1803 447 1891 527 259

208 645 307 726 dem
336 641 534 726 effectum
563 634 747 745 habere,
789 636 862 754 qui
890 641 944 726 de
971 635 1146 728 rnoscho
1173 663 1295 728 notus
1332 645 1475 752 esr‚*)
1516 667 1668 757 easque
1713 643 1891 731 reddere

207 792 397 878 maxime
439 789 714 894 libidinosas,
771 791 831 876 ita
871 814 920 876 ut
958 790 1088 878 etiam
1116 791 1267 879 Anatis
1295 789 1537 880 moechatae
1566 823 1725 880 marem
1741 857 1754 900 ,
1771 811 1775 820 ⁴
1794 823 1892 880 suae

208 943 367 1060 speciei
395 966 496 1030 tunc
524 946 783 1060 praeferant,
811 943 944 1030 semel
971 973 1130 1059 passae.

345 1097 390 1181 N
396 1116 457 1182 or.
512 1097 746 1211 Spontanea
780 1097 892 1182 mole
933 1097 1021 1181 fere
1047 1095 1246 1202 Anseris,
1290 1097 1518 1195 maximnm
1558 1123 1724 1216 partem
1750 1100 1893 1216 nigro-

209 1277 366 1348 aenea,
393 1249 535 1334 subtus
562 1269 608 1332 et
625 1246 776 1364 eapite
804 1247 997 1360 colloque
1041 1248 1138 1335 albo
1166 1250 1393 1355 maculata,
1437 1253 1610 1367 speculo
1652 1252 1756 1340 alari
1782 1251 1891 1338 albo.

206 1403 449 1488 Domestica
475 1399 606 1488 rarius
632 1423 722 1488 tote
751 1400 874 1501 alba,
901 1400 1151 1517 plerumque
1179 1401 1559 1492 maculoso-varia.

494 1659 610 1773 343.
684 1650 897 1742 ANAS
958 1637 1202 1774 falcata.
1277 1653 1411 1744 TAB.
1456 1653 1607 1744 LXX.

346 1862 401 1944 A.
431 1860 570 1978 capite
598 1859 758 1948 sericeo
786 1857 912 1946 crista
941 1858 1145 1964 carinata,
1175 1883 1323 1974 torque
1350 1866 1446 1952 albe
1472 1865 1693 1984 nigraque,
1725 1860 1803 1948 alis
1818 1891 1891 1970 ‚se-

206 2012 421 2102 cundariis
449 2014 603 2100 falcato
618 2063 632 2082 ·
646 2013 865 2128 elongatis.

434 2169 550 2252 Anas
579 2169 926 2282 drepanopteros,
956 2193 1030 2250 seu
1056 2163 1240 2252 Boschas
1268 2165 1408 2255 minor
1428 2135 1633 2285 ⁸torquata
1662 2189 1707 2254 et
1733 2165 1889 2260 cirrha-

484 2340 552 2422 ια,
581 2318 811 2432 remigibus
838 2315 957 2402 falcis
990 2316 1120 2402 instar
1160 2317 1413 2428 incurvatis,
1451 2325 1730 2408 Messerscbm.
1771 2322 1893 2409 bode-

484 2495 570 2587 get.
598 2473 688 2556 MS.

429 2624 729 2742 Querquedula
756 2631 908 2738 major,
939 2623 1015 2708 alis
1042 2623 1229 2729 falcatis,
1260 2627 1431 2714 Gmelin.
1460 2657 1543 2712 sen.
1571 2627 1658 2714 obs.
1688 2657 1773 2711 orn.
1801 2625 1893 2712 MS.
2019 2693 2023 2699 .

432 2787 544 2864 Anas
572 2780 900 2893 drepenopteros
928 2797 1146 2892 torquete,
1188 2782 1298 2865 Mus.
1337 2778 1542 2893 Petropol.
1573 2765 1678 2892 ‘pag
1719 2793 1814 2890 4⁰7·
1852 2809 1892 2861 n.

486 2947 581 3022 650.
611 2963 694 3047 seq.

427 3091 544 3172 Anas
571 3086 749 3186 falcata,
779 3083 886 3168 Pau.
917 3092 1007 3168 itin.
1035 3087 1113 3168 ΠΙ.
1142 3115 1239 3198 app.
1269 3117 1310 3200 p.
1341 3099 1435 3170 301.
1464 3116 1504 3168 n.
1535 3097 1602 3188 34.
1654 3045 1659 3059 .

429 3239 629 3324 Falcated
657 3237 806 3339 Duck,
835 3237 958 3321 Penn.
984 3238 1103 3322 Zool.
1132 3256 1233 3321 arct.
1262 3267 1303 3351 p.
1334 3248 1426 3348 574.
1457 3237 1541 3321 tab.
1580 3251 1645 3324 23.
1702 3239 1890 3326 Larisam.

487 3423 553 3476 au.
587 3391 658 3474 VI.
690 3421 728 3500 ρ.
760 3401 922 3476 516.n.
961 3402 1027 3475 62.

320 3543 494 3632 Rossice
520 3544 567 3626 in
595 3537 749 3626 Sibiria
775 3543 959 3626 Kossatii
986 3544 1165 3628 Sselesen
1191 3541 1362 3653 (falcata
1389 3543 1523 3652 Anas)
1563 3537 1657 3625 aliis
1687 3541 1894 3628 Kossatisa

375 3697 447 3783 vel
474 3699 633 3782 Kossak
670 3691 898 3805 (falcator).

323 3848 536 3965 Mongolis
563 3846 818 3933 Scituri-sul
844 3867 889 3930 et
915 3849 1055 3932 Char·
1069 3853 1225 3964 tologoi
1239 3897 1253 3912 ·
1269 3847 1487 3961 nogossrin.
1546 3844 1737 3932 Buraetis
1766 3846 1894 3930 Borb-

373 4005 602 4118 Nogossin.

321 4154 528 4270 Tungusis
560 4156 821 4242 Trebetschul
848 4177 892 4238 et
923 4153 1198 4265 Tschyryma.

349 4315 399 4394 In
426 4309 666 4394 borealibus
696 4309 747 4392 ed
775 4305 984 4391 Jeniseam
1011 4303 1215 4420 primum,
1244 4301 1428 4418 indeque
1456 4330 1533 4418 per
1563 4331 1732 4389 omnem
1758 4299 1894 4388 orien-

206 4461 411 4552 teliorem
437 4459 638 4558 Sibiriam
667 4456 872 4564 occurrit,
916 4455 1127 4577 copiosior
1164 4456 1213 4542 in
1255 4455 1497 4572 regionibus
1525 4480 1638 4542 trens
1666 4455 1807 4541 Baicsl
1835 4455 1894 4539 la-

199 4679 783 4712 „................-...

288 4809 325 4900 *)
352 4815 445 4880 Satis
472 4815 578 4876 notus
605 4805 755 4876 effectus
780 4809 953 4896 unguenti
978 4827 1025 4874 ex
1052 4805 1135 4876 oleo
1161 4806 1262 4872 nucis
1288 4799 1497 4872 moschstse
1520 4807 1563 4929 et
1588 4797 1768 4885 mescho,
1795 4795 1896 4890 quod

365 4937 510 5000 veretro
536 4927 671 4996 illitum
695 4929 882 4998 libidinem
904 4935 1030 4999 movet
1053 4927 1228 4998 foeminis.

1463 5079 1483 5122 u
