4696 6054
496 475 595 588 236·
1264 487 1414 540 ==
1563 484 1566 490 ’

598 693 742 786 Rossis
783 697 837 782 ad
877 719 991 780 mare
1031 689 1318 808 Norvagicum
1355 713 1400 778 et
1439 691 1601 778 Album
1641 687 1932 779 habitantibus
1959 693 2099 808 Gaglra
2127 711 2165 784 et

659 852 822 964 Gaflso:
865 847 912 933 in
955 845 1110 934 Sibiria
1148 841 1310 932 boreali
1336 846 1539 932 Normdta
1580 843 1955 954 (communicans
1982 871 2164 963 sequente

661 1001 993 1121 appellatione).

633 1162 768 1244 Datur
795 1155 1026 1242 secundum
1055 1180 1226 1239 omnem
1254 1179 1371 1238 oram
1399 1148 1589 1267 glacialis
1618 1148 1781 1240 Oceani
1810 1151 1983 1259 arctici,
2011 1152 2165 1242 ubicun-

493 1339 576 1430 que
603 1307 749 1396 littora
777 1305 983 1425 rupestria
1011 1328 1056 1390 et
1083 1304 1327 1420 scopulosa;
1356 1303 1470 1392 circa
1499 1303 1690 1392 leniseae
1727 1326 1773 1391 et
1798 1311 1940 1392 Lenae
1977 1305 2083 1396 ostia
2114 1305 2168 1394 di·

493 1466 603 1554 citur
629 1459 791 1576 insigni
819 1491 994 1548 numero
1022 1487 1253 1546 occurrere.
1309 1457 1460 1544 Rarior
1487 1456 1534 1543 in
1562 1457 1669 1544 mari
1697 1455 1811 1544 circa
1832 1458 2169 1562 Camtschatcam,

492 1645 590 1705 cum
617 1619 671 1702 A.
701 1611 939 1731 spectabili.
1008 1602 1172 1728 Hyenie
1199 1610 1377 1698 subinde
1404 1609 1451 1697 in
1492 1609 1630 1728 glacie
1658 1609 1876 1717 fluitante,
1913 1643 2011 1702 cum
2047 1609 2170 1698 Lutris

492 1766 690 1874 marinis,
719 1796 776 1852 ex
804 1765 1005 1852 Amerina
1034 1768 1196 1851 advena
1222 1765 1478 1854 observatur.
1540 1769 1591 1850 In
1619 1762 1833 1856 littoribus
1860 1767 2002 1854 boreis
2029 1789 2073 1854 et
2098 1797 2172 1852 ma·

492 1920 550 2010 ris
579 1920 668 2007 albi
696 1947 795 2005 vere
825 1920 996 2006 advolat
1024 1939 1070 2006 et
1095 1919 1215 2004 tarde
1245 1939 1445 2004 autumno
1474 1917 1577 2006 abit.
1606 1917 1803 2008 Flumina
1824 1951 2040 2038 nunquam
2059 1917 2172 2023 subit,

493 2078 568 2166 scd
598 2071 644 2160 in
672 2071 857 2190 scopulis
885 2069 1058 2156 marinis
1085 2068 1313 2158 inaccessis
1348 2070 1591 2176 nidulatur,
1631 2069 1763 2189 inque
1804 2071 2037 2162 insularum
2074 2071 2173 2188 juni·

490 2225 665 2348 paretis.
723 2226 817 2312 Oua
844 2223 1032 2340 quinque
1059 2225 1129 2309 vel
1157 2249 1258 2328 sex,
1301 2243 1439 2308 sature
1468 2222 1624 2312 viridia
1634 2284 1650 2325 ,
1691 2225 1895 2314 anserinis
1936 2229 2028 2314 iere
2055 2223 2173 2344 puris,

492 2407 600 2500 quae
628 2380 681 2465 ab
708 2377 863 2466 incolis
891 2377 982 2464 sine
1026 2377 1146 2491 lege,
1203 2373 1331 2460 simul
1358 2406 1455 2463 cum
1496 2377 1695 2494 lanugine
1723 2377 1951 2495 rapiuntur.
2029 2385 2175 2466 Matres

489 2535 617 2622 orbae
644 2562 776 2648 usque
804 2532 858 2617 ad
885 2527 1034 2616 tertios
1061 2527 1187 2614 nidos
1214 2531 1401 2614 condunt
1430 2551 1474 2616 et
1499 2529 1699 2646 lanugine
1727 2563 1799 2620 sua
1826 2555 2038 2650 operiunt.
2095 2535 2176 2618 Ma·

489 2683 553 2802 gis
581 2685 766 2772 abundat
793 2683 841 2769 in
868 2679 1045 2768 desertis
1072 2680 1245 2798 rupibus
1276 2678 1542 2798 Spitsbergae
1577 2705 1622 2770 et
1648 2690 1803 2772 Terrae
1830 2713 1965 2776 novae
1995 2687 2177 2806 (Nouaju

485 2837 638 2961 teunja
651 2846 689 2957 J.
750 2842 802 2924 In
831 2830 1012 2922 Sibiriae
1039 2862 1113 2920 ora
1140 2834 1296 2950 lanugo
1322 2863 1526 2951 nusquam
1554 2835 1785 2954 colligitur.

701 3193 1106 3320 329.·ANAS
1178 3199 1534 3319 spectabilis.
1608 3199 1969 3297 TAMXVH.

470 3509 475 3523 ·
626 3455 681 3542 A.
712 3471 847 3538 rostro
871 3446 965 3534 basi
992 3443 1122 3560 gibbo
1150 3447 1263 3536 linea
1290 3451 1482 3567 plumosa
1508 3449 1727 3568 bipartito,
1754 3450 1895 3574 capite
1914 3451 2174 3544 versicolore.

708 3613 826 3692 Anas
854 3599 995 3715 capite
1024 3630 1156 3706 cano,
1185 3603 1381 3690 Edward.
1414 3635 1482 3688 au.
1509 3608 1565 3688 ll.
1593 3608 1678 3694 tab.
1715 3623 1802 3716 154.

711 3759 829 3840 Anas
857 3750 1130 3867 spectabilis,
1159 3758 1251 3842 Lin.
1278 3775 1383 3868 syst.
1412 3757 1506 3839 XII.
1536 3761 1571 3842 Ι.
1599 3791 1641 3876 ρ.
1677 3775 1763 3870 ¹9⁵·
1793 3791 1855 3879 sp.
1886 3775 1927 3852 5.
2305 3807 2306 3874 l

706 3905 998 4021 mag-duel,
1027 3908 1150 3994 Penn.
1180 3908 1300 3998 Zool.
1331 3927 1435 3996 orct.
1461 3911 1517 3995 H.
1541 3943 1588 4028 p.
1618 3925 1711 4021 554.
1766 3917 1957 4004 Lotbunt
2000 3949 2068 4004 aa.
2109 3915 2173 4002 Vl.

766 4091 808 4175 p.
837 4071 934 4168 473.
963 4091 1003 4144 n.
1032 4073 1098 4148 do.

707 4209 866 4324 Bering
894 4215 1057 4318 Goose,
1086 4215 1210 4300 Pena.
1238 4236 1342 4303 aret.
1371 4217 1491 4306 Zool.
1521 4251 1563 4336 p.
1592 4231 1686 4328 548.
1716 4253 1756 4308 n.
1770 4238 1866 4336 475.
1904 4227 2097 4312 Latbam.
2114 4253 2174 4308 cv·

765 4365 838 4452 VI.
867 4396 910 4480 p.
937 4377 1035 4469 465.
1063 4397 1103 4450 η.
1133 4386 1200 4475 24.
1230 4371 1359 4456 Gmel.
1388 4393 1493 4484 syst.
1523 4374 1600 4459 ΙΙΙ.
1629 4407 1668 4489 ρ.
1700 4388 1794 4465 sau.
1824 4409 1864 4464 n.
1893 4391 1962 4478 63.

596 4515 744 4611 Rossis
772 4515 885 4606 circa
913 4521 1184 4631 Mangaseam
1211 4521 1454 4612 viventibus
1467 4527 1774 4620 Grrbcnuscblsa
1803 4529 2094 4648 (cristatella),
2123 4529 2171 4618 cd

651 4673 719 4760 Ob
747 4675 789 4760 fl.
818 4670 1043 4776 Normdto,
1072 4692 1121 4757 ut
1147 4678 1420 4787 praecedens.

596 4823 833 4940 samojedis
862 4852 886 4910 a
913 4849 1019 4908 voce
1053 4821 1202 4912 Worctt
1230 4827 1301 4915 vel
1332 4830 1498 4926 Wordl.

595 4975 755 5070 Curilis
780 4997 825 5068 ct
852 4971 1189 5072 Camtrcbadalis
1223 4981 1346 5078 Mitti·
