4778 6044
474 409 567 524 346
1249 439 1397 492 ιιι-ει

467 642 548 732 tim
577 639 692 730 circa
731 642 1002 728 rotundatum
1043 641 1249 729 verticem
1289 638 1468 744 crebris,
1523 635 1737 724 interdurn
1776 665 1877 724 vero
1905 637 2151 755 paucissimis

468 793 653 912 pictum,
716 795 829 908 quod
870 793 1020 882 vitello
1062 793 1273 898 aurantio,
1332 789 1619 909 sapidissim0,
1676 787 1818 876 omnia
1862 790 2151 880 maritimarum

470 946 611 1032 avium
639 976 720 1031 ova
750 947 875 1032 laude
904 947 1054 1034 vincit.
1112 946 1226 1032 Parit
1254 945 1366 1032 circa
1402 961 1447 1033 15
1479 997 1527 1012 -
1561 979 1611 1029 ao
1638 941 1780 1044 lunii,
1818 941 1907 1026 imo
1934 947 2009 1029 sub
2037 949 2153 1033 finem

467 1097 598 1211 Maji,
642 1096 752 1184 locis
782 1129 908 1224 saepe
936 1099 997 1185 ita
1025 1099 1281 1216 praeruptis,
1329 1071 1388 1184 'ut
1415 1097 1489 1184 vix
1517 1095 1699 1212 spatium
1727 1095 1803 1200 sit,
1856 1093 1930 1180 ubi
1958 1094 2151 1184 incubans

470 1251 559 1336 avis
586 1249 781 1337 insistere
808 1253 958 1368 possit,
990 1282 1097 1368 quae
1128 1274 1268 1338 erecta
1296 1273 1428 1356 stans,
1472 1281 1598 1337 ovum
1626 1248 1817 1334 foveolae
1848 1249 2085 1363 adaptatum
2113 1273 2152 1334 ct

315 1387 351 1420 '⁶
468 1401 694 1489 immobile
724 1436 804 1490 ano
832 1408 962 1511 fovet,
993 1428 1036 1490 et
1062 1435 1187 1521 saepe
1214 1404 1262 1490 in
1291 1400 1396 1490 mari
1423 1432 1527 1518 vaga
1554 1430 1631 1518 per
1659 1399 1781 1486 horas
1803 1403 1961 1486 nudum
1989 1401 2150 1518 linquit.

469 1561 519 1640 In
561 1553 667 1640 mari
707 1580 853 1643 natant
891 1587 1016 1676 saepe
1058 1555 1428 1664 dormitabundae,
1471 1579 1520 1642 ut
1558 1553 1733 1671 perticis
1767 1581 1793 1637 e
1829 1553 1984 1670 scapha
2017 1555 2150 1644 occidi

468 1707 653 1826 possint,
694 1733 867 1825 tumque
896 1735 1054 1798 terrore
1081 1709 1142 1797 ita
1168 1709 1474 1828 percelluntur,
1518 1729 1566 1792 ut
1593 1737 1729 1823 neque
1759 1727 1926 1811 natare,
1959 1741 2039 1796 nec
2067 1715 2154 1798 sub

466 1863 635 1961 volare,
676 1892 756 1948 nec
797 1863 955 1950 urinari
997 1863 1132 1951 sciant
1169 1884 1214 1949 et
1252 1865 1299 1950 in
1339 1857 1557 1988 superficie
1600 1859 1727 1946 maris
1767 1861 1887 1976 quasi
1915 1863 2149 1948 volvuntur.

468 2013 587 2102 Alias
616 2040 712 2102 sunt
739 2013 938 2122 timidae,
996 2017 1217 2134 minusque
1246 2013 1426 2105 stolidae
1456 2013 1551 2100 aliis
1578 2013 1764 2102 marinis.
1833 2013 1922 2100 Diu
1949 2017 2029 2104 sub
2056 2045 2155 2130 aqua

465 2167 638 2266 durant,
676 2191 721 2253 et
747 2166 932 2284 piscibus
961 2141 1146 2254 maxime
1176 2167 1345 2274 vivunt,
1389 2169 1502 2252 unde
1532 2197 1629 2254 caro
1656 2165 1906 2284 pisculenta.
1979 2173 2026 2254 A
2055 2167 2157 2254 mari

466 2349 591 2436 saepe
620 2319 666 2406 in
693 2319 840 2425 littora
863 2344 960 2438 post
984 2343 1255 2438 tempestates
1283 2344 1510 2440 egeruntur
1535 2321 1807 2438 integerrima
1835 2343 1881 2408 et
1906 2351 1998 2408 non
2023 2345 2157 2439 putre·

466 2473 650 2577 factae,
669 2477 807 2560 forsan
850 2508 873 2558 a
916 2472 1178 2562 diuturniore
1222 2507 1338 2562 mora
1366 2478 1442 2559 sub
1470 2471 1588 2587 aquis
1616 2475 1856 2562 suffocatae.
1922 2479 2042 2560 Dum
2070 2471 2160 2559 oris

463 2623 652 2712 insident
692 2627 817 2714 facile
858 2628 1036 2714 fustibus
1076 2629 1220 2734 caedi,
1263 2630 1333 2714 vel
1379 2625 1561 2742 laqueis,
1603 2625 1816 2715 ratibusve
1855 2627 2031 2743 iniectis
2066 2621 2159 2743 capi

462 2801 657 2894 possunt,
700 2803 744 2866 et
786 2783 886 2866 dum
931 2812 1013 2866 una
1053 2781 1236 2897 capitur,
1277 2780 1444 2867 vicinae
1486 2809 1572 2864 non
1610 2783 1842 2868 turbantur.
1915 2787 2088 2895 Hyeme
2114 2777 2158 2862 in

463 2929 570 3014 mari
597 2933 768 3046 glaciali
795 2954 839 3019 et
867 2933 1181 3021 Camtscbatico
1210 2937 1387 3039 desunt;
1444 2934 1519 3018 sed
1551 2930 1599 3017 in
1628 2941 1688 3018 Μ.
1719 2933 1961 3048 germanico
1996 2959 2042 3021 et
2076 2933 2160 3022 bal·

459 3079 583 3169 thico
626 3085 744 3190 omni
786 3087 885 3172 anni
924 3108 1115 3202 tempore
1167 3086 1369 3172 visuntur.
1453 3087 1547 3171 Ouo
1595 3085 1829 3174 delineavit
1880 3091 1991 3179 Stel
1999 3097 2077 3177 lcr
2114 3086 2159 3172 in

460 3239 686 3326 Commeat.
714 3241 878 3356 Petrop.
912 3241 1029 3326 Tam.
1057 3243 1130 3326 1V.
1160 3273 1202 3356 p.
1231 3258 1326 3348 4¹4·
1355 3270 1465 3354 seqq.
1494 3239 1582 3325 tob.
1616 3261 1682 3324 ro:

599 3543 772 3629 Descr.
835 3547 1083 3658 Magnitudo
1126 3542 1382 3649 Boscbadis,
1451 3544 1522 3630 vel
1559 3545 1687 3662 paulo
1727 3553 1874 3662 major.
1961 3551 2160 3638 Rostrum

457 3693 646 3809 nigrum,
688 3696 865 3782 maxilla
905 3697 1118 3812 superiore
1160 3697 1458 3801 mobilissima,
1503 3700 1557 3784 ad
1600 3699 1763 3816 apicem
1798 3699 2002 3819 utrinque
2034 3733 2158 3790 crena

455 3845 645 3962 insigni;
703 3878 750 3936 os
775 3849 888 3934 intus
917 3851 1097 3951 flavum
1138 3857 1282 3966 lingua
1310 3853 1530 3938 subbifida.
1562 3855 1717 3941 wlrides
1746 3853 1999 3942 albicantes.
2061 3859 2158 3942 Cor·

458 4031 536 4118 pus
562 4031 688 4114 supro
715 4001 902 4116 r'rigmm,
943 4003 1103 4106 subtus,
1141 4033 1356 4118 quousque
1385 4033 1516 4116 aquae
1545 4003 1830 4122 immergitur,
1860 4007 2024 4096 album.
2084 4015 2160 4092 La·

455 4175 547 4239 tera
574 4152 620 4237 in
650 4153 891 4240 borealibus
918 4155 1035 4240 fusco
1063 4156 1279 4242 nebulosa.
1346 4161 1536 4270 Remiges
1570 4159 1841 4246 secundariae
1879 4163 2007 4276 apice
2047 4187 2159 4248 trun·

458 4307 731 4396 cato-albae.
803 4309 951 4394 Coudo
978 4309 1219 4415 rotundata,
1270 4309 1410 4424 nigra,
1458 4309 1705 4398 rectricibus
1733 4314 1988 4430 plerumque
2021 4313 2159 4400 denis.

458 4457 678 4546 Subulares
700 4459 833 4562 albae,
863 4459 998 4576 scapis
1025 4457 1168 4576 nigris,
1201 4469 1378 4576 majores
1405 4493 1548 4550 canae.
1605 4466 1755 4552 Sutura
1783 4467 2015 4582 plumacea
2045 4495 2161 4586 pone

355 4603 362 4612 “
456 4611 601 4698 oculos
629 4609 964 4725 longitudinalis.
991 4665 1048 4682 -
1075 4616 1126 4698 M
1130 4645 1189 4700 os
1215 4611 1347 4702 habet
1374 4640 1501 4734 caput
1527 4639 1572 4702 et
1591 4619 1774 4720 collum,
1816 4651 1949 4736 usque
1983 4624 2044 4708 ad
2074 4647 2160 4704 rue·

456 4759 596 4868 dium,
641 4783 779 4848 totum
806 4762 1218 4880 fuliginae-atrum
1258 4765 1304 4854 in
1333 4769 1586 4885 quibusdam
1613 4779 1691 4885 (an
1719 4771 1970 4884 varietur)
2005 4773 2163 4860 niveus

459 4913 641 5002 circrdus
683 4915 852 5004 oculum
895 4941 1010 5005 arcte
1048 4917 1182 5037 cingit
1215 4941 1260 5008 et
1291 4951 1369 5042 per
1405 4946 1588 5012 suturam
1620 4923 1735 5012 linea
1761 4925 1856 5012 alba
1881 4925 2163 5044 producitur.
