4734 6070
426 481 500 568 ,9Ο
1211 472 1360 528 =

436 705 524 780 rat;
557 683 662 792 (non
690 707 745 766 cx
773 671 904 780 albis,
933 697 980 760 ut
1007 676 1283 787 Bussenius
1312 693 1526 774 autumat,
1567 670 1709 760 variae
1750 695 1794 760 et
1833 671 1977 790 nigrae
2022 677 2124 766 oriri

436 834 706 954 potuissent).
762 829 920 944 Nigrae
934 889 948 929 ,
988 825 1235 945 praesertim
1264 825 1545 926 macilentae,
1586 856 1666 912 ora
1695 857 1820 946 saepe
1858 826 2028 915 sordide
2055 835 2123 918 lla·

436 984 628 1074 vescenti
655 984 725 1070 vel
753 982 914 1099 pallida
940 1000 1048 1066 testa
1084 979 1287 1066 instructa
1328 977 1523 1098 pariunt,
1559 979 1639 1066 sed
1675 979 1920 1095 pinguiores
1960 984 2123 1091 factas,

436 1137 663 1226 albissima.
721 1141 960 1220 Nascuntur
987 1157 1030 1218 et
1057 1134 1169 1220 inter
1200 1131 1373 1218 rustico
1400 1133 1750 1248 pentadactylae,
1781 1133 1917 1246 digito
1945 1135 2124 1250 postico,

436 1292 506 1380 vel
537 1291 657 1409 apice
685 1312 848 1376 tantum
876 1285 1009 1374 bifido
1037 1287 1108 1372 vel
1136 1315 1266 1400 usque
1296 1287 1349 1370 ad
1377 1283 1599 1370 articulum
1629 1282 1820 1400 duplici,
1848 1316 1966 1374 ramo
1992 1289 2127 1378 altero

437 1444 569 1532 etiam
596 1473 722 1562 saepe
749 1464 916 1558 praeter
943 1467 1126 1553 unguem
1152 1437 1450 1539 biarticulato,
1478 1433 1567 1523 imo
1595 1435 1890 1524 triarticulato.

572 1599 612 1684 V
609 1607 763 1682 artatas
790 1599 832 1692 β.
860 1615 1023 1678 tanturn
1052 1592 1098 1676 in
1124 1589 1296 1676 urbibus
1325 1589 1501 1692 colitur,
1530 1609 1575 1674 et
1602 1619 1732 1704 quum
1760 1592 1858 1678 albo
1885 1613 2046 1708 guttata
2060 1617 2126 1682 est

430 1747 579 1840 Rossis
606 1749 894 1864 Serebroenojo
904 1805 920 1846 ,
943 1774 1040 1832 cum
1067 1745 1187 1829 luteo
1212 1763 1400 1858 guttata,
1428 1742 1615 1862 Solotoja
1642 1745 1797 1832 Kartza
1831 1751 2052 1860 (argentea
2079 1771 2132 1832 et.

433 1907 578 2016 aurea)
606 1895 812 2016 appellari
839 1897 960 1984 solet.
1033 1895 1187 1982 Rarior
1212 1891 1315 1980 huic
1343 1891 1479 1982 affinis
1510 1893 1717 1998 varietas,
1760 1927 1887 2012 quam
1922 1901 2124 1986 llambur·

433 2037 605 2170 gentoni
634 2045 965 2164 Ornithotrophi
995 2047 1110 2162 angli
1150 2047 1393 2164 appellant,
1432 2067 1524 2132 tota
1563 2069 1680 2152 atra,
1722 2045 1848 2134 crista
1885 2053 2126 2167 plumarum

431 2203 618 2293 maxima
645 2204 767 2308 alba,
796 2199 911 2288 haud
939 2203 1168 2301 barbatae,
1206 2199 1471 2320 pedibusque
1511 2199 1663 2306 nudis,
1700 2197 1814 2287 inter
1848 2229 1995 2292 omnes
2022 2237 2127 2294 cura

430 2357 615 2448 bumana
641 2357 868 2473 productas
896 2352 1120 2440 varietates
1149 2383 1219 2440 me
1244 2349 1385 2464 judice
1413 2350 1713 2468 pulcherrima·
1751 2401 1810 2421 -
1847 2354 2009 2445 Minori
2033 2389 2130 2475 gra«

429 2513 488 2600 du
515 2510 738 2614 cristatae,
766 2506 856 2594 imo
884 2527 929 2594 et
953 2507 1187 2612 barbatae,
1216 2503 1424 2622 hybridae
1452 2533 1507 2592 ex
1534 2503 1748 2624 prioribus
1776 2507 1848 2596 vel
1875 2539 1974 2598 casu
1999 2537 2126 2602 natae

430 2665 543 2754 inter
570 2663 762 2776 vulgares
789 2657 995 2776 plurimae
1022 2678 1289 2775 generantur.

568 2818 760 2904 Variatur
790 2843 832 2914 γ.
861 2809 1014 2927 partim
1042 2840 1066 2898 e
1094 2809 1248 2897 Gilano
1276 2807 1441 2898 Psrsiae
1468 2839 1548 2928 per
1571 2803 1922 2922 Astraclraniam,
1964 2821 2123 2936 partim

430 2997 486 3060 cx
513 2963 716 3056 Anatolia
743 2965 888 3069 illata,
903 2961 1109 3050 'omniurn
1137 2963 1323 3052 maxima
1335 3025 1350 3066 ,
1391 2961 1454 3050 ita
1493 2987 1544 3052 ut
1568 2967 1782 3082 perfectas
1818 2968 2125 3085 magnitudinis

430 3123 575 3213 Gallus
604 3117 800 3206 stabula
827 3139 938 3204 stans
965 3115 1109 3203 cibum
1149 3145 1300 3233 capere
1343 3115 1432 3202 lere
1473 3117 1620 3234 possit.
1691 3121 1830 3206 Crista
1871 3153 2023 3213 carnea
2050 3125 2124 3214 his

427 3274 607 3392 exigua,
635 3275 723 3358 lere
751 3292 799 3357 ut
827 3268 1096 3386 Caponibus,
1139 3268 1260 3387 quasi
1287 3259 1472 3373 resecta,
1513 3269 1672 3356 collum
1722 3297 1940 3386 erectum,
1988 3282 2124 3396 pedes

428 3424 597 3544 magni,
624 3419 818 3540 proceri,
846 3419 1161 3525 robustixsimi3
1201 3423 1321 3508 color
1353 3423 1605 3540 plerumque
1644 3425 1699 3510 ad
1727 3425 1895 3542 nigrum
1921 3435 2117 3542 tendens,

427 3579 555 3671 fulvis
582 3575 737 3696 plumis
765 3573 927 3680 varius,
955 3572 1205 3692 praesertim
1228 3575 1339 3692 jubis
1367 3575 1587 3691 gallorum.
1644 3579 1872 3696 Paucipara
1898 3579 2005 3670 haec
2025 3615 2120 3704 spe·

426 3732 515 3822 cies
526 3795 541 3836 ,
581 3729 684 3816 alias
710 3759 788 3847 pro
826 3727 984 3845 patinis
1023 3725 1207 3844 egregia.
1279 3726 1393 3814 Pulli
1431 3757 1561 3844 quum
1600 3729 1844 3848 lanuginem
1880 3762 2118 3846 exuerunt,

427 3886 504 3974 diu
531 3885 618 3970 fere
647 3883 753 3970 nudi
779 3879 1011 3986 incedunt,
1066 3879 1222 3996 plumis
1250 3881 1370 3968 tarde
1398 3883 1743 3998 erumpentibus,
1782 3909 1826 3974 st
1864 3889 2119 4002 magnitudi-

423 4067 481 4130 ne
509 4039 744 4140 semorum,
773 4035 906 4122 etiam
934 4033 982 4120 in
1009 4030 1231 4152 hybridis,
1258 4032 1386 4122 facile
1415 4059 1715 4150 agnoscuntur:
1743 4040 1891 4128 Rossis
1907 4045 2119 4136 Gauranis

424 4191 496 4282 vel
522 4190 777 4278 Anodolsbis
798 4191 921 4274 ¹1(er
1891 4297 1898 4304 Ι

561 4345 752 4430 Variatur
779 4335 811 4426 l.
840 4345 906 4426 Ex
934 4339 1092 4458 Anglia
1118 4339 1367 4460 praesertim
1395 4342 1636 4464 importata,
1664 4347 1893 4454 admodum
1905 4347 2116 4441 foecunda
2162 4423 2170 4434 .

422 4519 469 4586 st
494 4495 654 4614 sapida,
679 4494 820 4582 bonae
849 4493 987 4596 molis,
1019 4517 1294 4584 monstrosam
1320 4497 1698 4586 conformationem
1715 4501 1878 4618 optime
1891 4527 2110 4620 propagat.

429 4689 434 4702 ·
559 4650 751 4736 Varum
775 4692 808 4741 ι.
835 4643 1141 4734 Astracbaniae
1169 4677 1194 4734 e
1222 4649 1386 4756 Persia,
1416 4650 1463 4738 in
1487 4651 1645 4740 Sibiria
1673 4687 1698 4740 a
1724 4652 1858 4759 Sinis,
1894 4655 2116 4772 Petropoli

419 4829 476 4892 ex
501 4799 658 4916 Anglia
685 4801 925 4918 importata,
955 4797 1222 4916 nigredinem
1243 4803 1365 4908 cutis,
1395 4803 1561 4910 cristae,
1590 4806 1843 4924 menyngis,
1870 4803 2114 4924 peritonaei

419 4977 465 5052 st
486 4951 685 5074 perioatii
711 4953 800 5066 diu,
829 4949 962 5046 etiam
990 4950 1039 5044 in
1064 4953 1269 5074 bybridt'a,
1296 4955 1404 5050 licet
1429 4955 1570 5052 alieno
1599 4957 1858 5072 Gellomtis,
1887 4983 2111 5080 propagat,
