4734 6070
970 727 1086 834 241.
1160 707 1373 803 GRUS
1447 712 1632 830 Virgo.
1796 727 1801 737 ·

592 995 646 1082 G.
679 991 795 1080 collo
820 987 967 1106 nigro,
997 984 1234 1106 superciliis
1262 985 1445 1076 cristatis
1474 985 1596 1076 albis.

668 1144 806 1264 Virgo
832 1141 1074 1248 numidica,
1103 1142 1301 1230 Edward.
1331 1173 1398 1226 av.
1426 1145 1505 1229 ΙΙΙ.
1534 1175 1576 1260 p.
1606 1139 1692 1228 tob.
1728 1151 1817 1247 134.
1847 1133 2024 1256 optima.

669 1305 778 1390 Grus
807 1293 995 1400 numida,
1023 1295 1162 1380 Albin.
1193 1325 1260 1380 nv.
1288 1297 1365 1381 m.
1395 1295 1482 1384 tab.
1512 1309 1579 1386 88.
1608 1297 1791 1382 Brisson.
1820 1323 1907 1381 ons.
1922 1293 1974 1380 V.
1988 1325 2031 1412 p·
2045 1305 2142 1386 388.

668 1455 815 1542 Ardea
841 1448 1005 1566 Virgo,
1031 1450 1122 1534 Lin.
1153 1467 1259 1560 syrt,
1288 1453 1388 1535 XII.
1414 1455 1450 1536 I.
1481 1485 1523 1570 p.
1554 1464 1647 1556 234.
1675 1479 1740 1571 sp.
1771 1481 1811 1534 a.

665 1603 929 1711 Demoiselle
957 1602 1011 1687 de
1038 1597 1272 1708 Numidia,
1303 1604 1523 1694 D'oubent.
1553 1611 1652 1721 pter.
1682 1599 1765 1688 tab.
1797 1617 1892 1708 24¹·

555 1762 733 1850 Rossice
775 1761 912 1846 Moloi
952 1756 1024 1845 vel
1062 1755 1300 1844 Somorslror'
1315 1805 1328 1820 ·
1341 1757 1530 1846 Sburanl
1570 1767 1716 1877 (parva
1750 1753 1821 1842 vel
1863 1751 2144 1844 uansmarina

612 1919 753 2026 Grua).
824 1923 831 1950 ⁸

552 2067 718 2156 Tataris
765 2061 959 2152 Tauricis
1010 2063 1222 2178 Bogdod-
1239 2063 1379 2150 Turnd
1426 2067 1555 2176 (Grus
1592 2059 1896 2182 babylonios);
1960 2059 2143 2180 Kirgisis

604 2219 865 2308 Kmtarazt-
883 2217 1024 2304 Turnb
1050 2214 1121 2304 vel
1149 2220 1293 2304 Karo-
1310 2219 1418 2306 tals.

547 2369 764 2490 Mongolis
792 2373 1264 2488 Clamabunt-taem
1292 2373 1385 2482 (Gr.
1415 2369 1640 2486 clamosa).

581 2533 633 2614 In
661 2523 847 2615 maxime
876 2519 1135 2610 australibus
1163 2524 1426 2608 desertorum
1453 2551 1595 2612 versus
1622 2518 1881 2622 Danubium,
1910 2547 2024 2606 mare
2052 2549 2141 2608 aas·

434 2682 555 2808 pium
580 2703 628 2770 et
653 2709 731 2799 per
758 2707 930 2767 omnem
964 2673 1182 2765 Tatariam
1209 2705 1435 2794 magnam,
1492 2675 1680 2764 maxime
1713 2674 1827 2762 circs
1862 2673 1978 2764 lacus
2010 2674 2141 2762 salsos

437 2857 483 2926 et
508 2835 558 2924 in
585 2831 805 2950 squallidis
833 2825 1073 2947 Reptilium
1099 2828 1225 2948 copia
1252 2828 1566 2919 abundantibus
1591 2827 1751 2950 passim
1779 2849 1980 2946 apparent
1986 2861 2006 2930 ,-
2058 2829 2140 2916 fre·

433 2987 681 3110 quentiores
707 2983 821 3072 circa
850 2982 1101 3100 Selengam,
1152 2982 1200 3070 in
1227 2982 1395 3100 aquosis
1424 2983 1664 3084 Dauuriae,
1705 2979 1892 3068 maxime
1921 2982 1976 3067 ad
2002 2985 2137 3100 Argu·

434 3171 539 3230 num
567 3161 613 3226 et
652 3135 967 3242 Daiei-Noor,
1022 3163 1182 3256 perque
1222 3139 1523 3254 Mongolorum
1567 3138 1759 3238 deserta;
1814 3131 2008 3220 omnium
2032 3165 2139 3228 vero

431 3289 774 3412 frequentissima
800 3290 847 3378 in
874 3288 1100 3376 Tauricam
1126 3287 1453 3398 chersonesum,
1481 3321 1710 3409 pauperem
1739 3285 1842 3376 sliss
1871 3286 2015 3376 avium
2042 3317 2138 3408 spe·

388 3545 400 3574 ·
433 3445 608 3547 ciebas,
635 3476 691 3534 er
718 3443 922 3534 Anatolio
948 3441 1177 3548 advolant,
1224 3441 1291 3529 ibi
1318 3442 1553 3532 maritimos
1581 3441 1830 3562 praesertim
1858 3443 1973 3532 lacus
2001 3443 2134 3534 salsos

431 3600 719 3718 frequentant,
748 3621 793 3686 et
819 3619 917 3716 post
943 3598 1167 3684 educatam
1194 3596 1360 3714 prolem
1388 3618 1589 3686 autumno
1616 3596 1841 3716 gregatim,
1880 3627 1978 3684 cum
2003 3595 2134 3686 solito

431 3747 545 3847 inter
577 3751 808 3842 volandum
848 3749 965 3840 laeto
1007 3724 1206 3868 clangore
1246 3773 1291 3838 et
1327 3748 1530 3837 instructa
1572 3750 1685 3860 anie,
1747 3748 1921 3839 horsum
1961 3781 2135 3839 vorsum

431 3918 529 3994 aera
553 3927 747 4008 araneam
785 3901 945 4024 hyeme
974 3931 1079 3992 sero
1106 3901 1292 3992 instante
1318 3927 1432 3993 tram
1459 3904 1675 3995 Euxinum
1700 3910 1883 3993 Pontum
1909 3903 1955 3992 in
1980 3901 2133 3994 Asiam

426 4057 638 4150 minorem
665 4057 921 4176 remigrant,
978 4058 1092 4146 unda
1119 4087 1218 4144 vere
1252 4056 1461 4176 gregatim
1488 4059 1620 4162 item,
1667 4063 1843 4148 ineunte
1878 4057 2132 4176 plerumque

428 4233 556 4298 nocte
591 4215 865 4300 adventantes
889 4205 1104 4314 'redeuntr
1157 4209 1443 4330 prolificantes
1479 4242 1779 4332 monogamos,
1822 4241 1899 4334 per
1935 4209 2053 4331 paria
2080 4211 2132 4299 ia

427 4363 525 4452 toea
551 4362 738 4452 maxime
766 4361 956 4454 solitaria
983 4365 1199 4472 secedunt,
1215 4345 1514 4460 ‘cauussimao
1570 4370 1707 4458 Nidus
1733 4367 1780 4454 iu
1809 4365 1954 4454 media
1981 4363 2130 4454 solitu·

428 4515 530 4608 dine
557 4515 699 4626 humi,
742 4519 820 4607 ubi
844 4504 933 4606 ma's
960 4517 1189 4606 incubante
1215 4517 1374 4606 femina
1401 4521 1602 4610 excubias
1630 4521 1737 4640 agit,
1767 4543 1814 4608 et
1840 4549 1918 4639 pro
1945 4525 2129 4638 conjuge

426 4691 587 4789 pugnat
621 4669 910 4762 audacissimo.
994 4669 1188 4758 Juniores
1224 4671 1483 4766 domesticae
1529 4676 1664 4764 factae
1721 4677 1942 4786 (evadunt
1981 4693 2129 4762 autem

426 4821 517 4910 cito
545 4844 589 4909 et
614 4825 844 4912 admodum
870 4823 1119 4940 familiares)
1147 4827 1291 4914 locum
1316 4826 1364 4918 in
1391 4826 1539 4935 horto,
1577 4831 1650 4918 rel
1680 4822 1823 4920 medis
1851 4825 1898 4916 in
1925 4855 2021 4912 area
2047 4827 2128 4914 do·

424 5003 540 5088 mus,
589 4971 700 5064 licet
723 4973 970 5066 bominibus
998 4975 1232 5096 frequenti,
1282 4978 1473 5096 apricum
1500 4980 1666 5104 eligrmt
1691 5012 1770 5104 pro
1796 4981 1922 5092 nido,
1970 5002 2016 5070 et
2046 4977 2127 5072 via
