4770 6042
684 709 817 799 Loxia
844 709 1121 810 Enucleator,
1152 705 1242 788 Lin.
1270 721 1376 814 syst.
1404 695 1501 784 xri.
1529 697 1564 782 Ι.
1590 729 1631 814 p.
1663 729 1756 806 299.
1787 697 1916 786 Faun-
1946 695 2062 786 Suec.
2090 699 2146 782 Π.

743 879 836 952 aad.
863 867 960 948 Act.
987 863 1209 948 Holmiens.
1239 887 1280 970 p.
1315 867 1402 965 ¹57·

684 1023 745 1102 le
774 1017 968 1116 Durbec,
997 1013 1161 1122 Buffon.
1191 1039 1277 1094 orn.
1306 1003 1381 1090 m.
1412 1038 1453 1123 p.
1480 1017 1577 1116 457.

662 1163 1093 1272 „Pina-Grossbeak,
1148 1163 1338 1246 bathum.
1378 1189 1473 1271 syn.
1502 1157 1575 1243 W.
1604 1190 1645 1275 p.
1680 1189 1768 1243 ιιι.
1797 1187 1836 1242 n.
1868 1169 1905 1246 5.
1952 1153 2148 1242 Pennana.

742 1325 856 1406 Zool.
887 1317 979 1400 bnt.
1007 1317 1042 1396 l.
1069 1343 1109 1394 n·
1145 1329 1234 1416 ¹¹4·
1263 1311 1347 1396 tob.
1376 1329 1444 1416 49.
1463 1311 1548 1424 fig·
1580 1343 1618 1394 a.

576 1473 752 1562 Rossicc
782 1471 972 1566 Stscln'rr3
1000 1461 1216 1578 Petropoli
1243 1465 1408 1548 Flnslsoi
1432 1463 1635 1578 Papogai.

458 1669 462 1682 ·
574 1623 790 1741 Mangolis
822 1617 1111 1708 Utun-dsata.
1170 1613 1378 1728 Tungusis
1404 1615 1667 1728 Mummugy.

603 1785 653 1866 In
696 1773 870 1860 Rossiae
917 1767 1129 1882 totisuque
1171 1764 1351 1852 Sibiriae
1392 1765 1549 1882 pinetis
1587 1747 1779 1854 maxime.
1820 1761 2029 1852 montanis
2072 1761 2150 1846 fre·

465 1961 598 2050 quens
626 1951 670 2014 et
697 1929 883 2042 gregaria
913 1919 1025 2018 avis,
1051 1911 1490 2046 intemperatioribus
1517 1941 1678 2004 tantum
1707 1917 1887 2035 hyeme,
1919 1935 2075 1998 aestate
2103 1912 2150 1998 in

462 2081 652 2171 maxime
691 2074 931 2164 borealibus
973 2093 1018 2158 et
1044 2069 1226 2186 alpinis;
1282 2071 1497 2188 Petropoli
1536 2071 1723 2156 maxime
1766 2099 1843 2186 per
1870 2063 2078 2154 Octobrin
2106 2083 2150 2148 et

464 2235 755 2323 Nouembrem
785 2224 975 2342 capitur,
1030 2221 1184 2306 mensis
1213 2219 1434 2342 destinata.
1494 2223 1617 2308 Vivit
1644 2223 1889 2339 praesertim
1917 2213 2148 2304 seminibus

456 2389 662 2474 ¹arborum
703 2407 978 2468 acerosarum.
1049 2377 1214 2459 Inclusa
1252 2405 1329 2492 per
1368 2371 1571 2490 hyemem
1605 2375 1702 2461 loco
1737 2369 2011 2488 frigidissimo
2037 2369 2151 2452 laeta

465 2537 607 2654 viget,
663 2529 933 2643 maximeque
973 2527 1208 2614 delectatur
1248 2526 1347 2612 nire
1376 2551 1420 2612 et
1448 2527 1660 2615 Cannabis
1702 2523 1960 2618 seminibus3
2009 2517 2149 2604 calido

464 2709 612 2774 contra
637 2683 684 2770 in
703 2683 966 2797 hypocausta
995 2699 1182 2790 aegrotat
1203 2701 1246 2762 et
1266 2677 1354 2764 cito
1381 2677 1506 2794 perit.
1565 2677 1771 2766 Cantillat
1798 2671 1993 2790 egregie,
2019 2667 2153 2758 etiam

461 2835 667 2924 foemina.
724 2829 846 2918 Mitis
874 2851 918 2914 et
947 2827 1035 2914 cito
1065 2827 1282 2914 cicuratur.

456 3029 468 3074 t
604 2989 648 3072 Ν
656 3005 720 3072 at.
770 2979 963 3068 Varietss
1003 2979 1155 3066 coloris
1196 3010 1362 3098 prorsus
1403 2986 1579 3084 eadem,
1635 3013 1743 3102 quae
1779 2981 1827 3068 in
1868 2977 2152 3070 Crucirostra.·

464 3143 619 3232 dantur
645 3165 799 3254 nempe
826 3137 1120 3238 flavescentes,
1161 3139 1420 3248 (nunqnam,
1462 3159 1510 3224 ut
1537 3135 1848 3239 Currirostrae,
1888 3133 2152 3220 virescente·

466 3293 664 3398 cinereo,
694 3291 769 3376 sed
796 3285 930 3402 magis
957 3289 1012 3372 ad
1038 3285 1200 3370 fulvum
1228 3288 1431 3380 tendente
1459 3289 1601 3376 colore
1616 3303 1673 3390 :)‚·
1710 3291 1860 3376 dantur
1884 3282 2150 3404 pulcherime

459 3443 609 3550 rubri,
650 3443 705 3526 ad
744 3467 910 3526 roseum
937 3467 1011 3522 seu
1047 3465 1301 3554 purpureum
1332 3441 1489 3556 magis,
1534 3473 1661 3560 quam
1701 3440 1999 3529 cinnabareum
2027 3431 2152 3522 incli-

461 3615 644 3699 nantes,
683 3587 759 3706 qui
781 3611 847 3676 est
872 3587 1144 3674 crucirostrae
1186 3589 1316 3676 color.
1385 3599 1469 3680 Has
1495 3593 1679 3682 seniores
1706 3621 1795 3680 esse
1825 3587 2080 3680 crediderim
2107 3601 2153 3672 et
2204 3565 2208 3572 ’

465 3773 605 3834 mares
617 3805 632 3846 ,
688 3764 784 3829 sunt
811 3737 927 3828 enim
953 3739 1225 3858 perfectiores
1252 3765 1296 3828 et
1322 3743 1585 3862 pulchriores
1622 3747 1740 3833 omni
1766 3769 1898 3862 parte.
1974 3747 2152 3826 Contra·

469 3897 581 3986 rium
608 3920 752 3982 tamen
779 3895 825 3982 in
853 3895 973 3980 Actis
1000 3895 1285 3982 holmiensibus
1325 3895 1568 3984 affirmatur.
1638 3905 1704 3984 Ex
1734 3899 1875 3985 Insula
1901 3895 2066 3982 Kudinh
2092 3893 2151 3974 A·

469 4047 652 4136 mericae
690 4045 831 4132 vicina
870 4045 997 4131 allata
1024 4043 1257 4162 specimina
1284 4071 1379 4135 sunt
1406 4051 1533 4167 paulo
1574 4051 1737 4138 minora
1765 4047 1955 4154 rossicis,
2009 4043 2151 4131 colore

472 4231 560 4288 non
588 4227 736 4304 roseo,
777 4199 852 4284 sed
879 4195 1178 4302 cinnabarino,
1208 4199 1396 4288 vibrissis
1424 4201 1589 4290 narium
1615 4235 1702 4292 non
1731 4201 1881 4306 hiscis,
1923 4201 1998 4286 sed
2026 4197 2153 4282 ferru-

471 4351 639 4468 gineis,
680 4371 897 4464 rostroque
923 4347 1015 4434 basi
1042 4349 1169 4464 paulo
1197 4351 1422 4456 crassiores
1464 4385 1571 4442 anne
1599 4358 1741 4473 specie
1769 4355 1988 4442 diversant
2024 4351 2153 4434 Mer·

458 4501 895 4592 ssrsclrmidius
921 4501 1112 4618 prodidit
1137 4503 1278 4590 caveis
1306 4505 1382 4592 diu
1407 4505 1588 4594 inclusas
1616 4511 1786 4595 rubmm
1815 4473 2002 4596 colorem
2031 4499 2151 4586 amit·

468 4675 585 4760 tere,
640 4655 754 4772 quod
782 4651 968 4770 experiri
996 4651 1136 4758 volui,
1194 4657 1270 4742 sed
1312 4687 1410 4744 casu
1437 4691 1651 4778 nunqnam
1682 4677 1884 4746 aestatem
1912 4649 2152 4774 supervixes

459 4819 584 4892 ¹r‘unt.
624 4857 668 4878 ··
708 4813 759 4894 In
786 4811 921 4896 nucha
947 4803 1142 4922 utrinque
1171 4811 1255 4896 duo
1281 4819 1357 4927 pili
1381 4812 1490 4900 ultra
1517 4815 1681 4932 plumas
1708 4810 1959 4930 prominent

1021 5051 1596 5084 ——-—-—-
