4696 6054
1016 479 1170 542 Β
1849 485 1942 575 ara

234 700 344 768 -rtmt
356 737 371 780 ,
411 699 460 766 ut
485 679 541 766 err
567 675 624 766 iis
651 673 752 764 solis
786 701 913 764 nemo
953 677 1268 797 conjungendas
1298 622 1461 797 species
1486 680 1700 790 'suaseritr
1736 689 1839 806 quas
1867 687 1945 784 his

244 833 406 922 referre
434 832 608 951 longum
636 833 767 920 foret:
795 833 906 918 ratu
936 830 1103 948 Cygnei
1128 831 1268 952 primo
1297 865 1410 922 anno
1437 866 1588 955 gryseo
1601 889 1615 906 ·
1629 837 1776 928 albidi.

786 1077 1417 1103 mann-utut*-

746 1293 1438 1406 LutANSERES.

968 1561 1232 1583 unu—nnn...-

383 1757 526 1846 Geous
551 1753 809 1844 Anserinum
838 1786 863 1841 a
892 1755 1052 1872 Cygnis
1080 1777 1125 1844 et
1150 1757 1360 1847 Auctibus
1386 1759 1500 1848 ritae
1529 1789 1682 1875 genere
1705 1759 1864 1870 diflert,
1893 1785 1939 1852 et
2061 1799 2063 1804 ·

244 1911 353 2000 licet
380 1941 506 2029 aquas
534 1912 775 2025 frequentet
802 1931 847 1996 et
873 1909 1091 1998 natatione
1119 1913 1376 2019 delectetur,
1404 1914 1679 2032 praecipuum
1691 1939 1834 2004 tamen
1862 1918 1938 2004 ali·

243 2088 437 2152 mentum
464 2066 512 2150 in
539 2061 667 2168 sicco,
696 2093 751 2148 ex
779 2061 925 2149 herbis
952 2086 996 2149 et
1024 2063 1285 2180 graminibus
1311 2066 1592 2155 tenerioribus
1619 2069 1796 2187 quaerit.
1835 2071 1952 2166 Ideo,

243 2241 292 2306 et
318 2241 451 2305 rostro
478 2212 793 2323 robustissimo,
837 2221 891 2304 ad
920 2249 1104 2304 morsum
1143 2242 1373 2320 exacuato,
1415 2241 1461 2305 et
1487 2220 1667 2337 pedibus
1705 2221 1937 2337 gradiendo

244 2371 507 2492 aptioribus,
548 2365 681 2484 magis
721 2367 767 2455 in
807 2370 1058 2486 aequilibrio
1097 2371 1270 2487 positis,
1325 2370 1553 2460 instructae
1599 2399 1696 2460 sunt
1740 2380 1940 2462 Anseres.

242 2531 407 2612 Amant
433 2525 535 2609 ideo
563 2522 658 2608 loca
686 2518 831 2608 herbis
859 2522 1115 2609 luxuriantia
1143 2548 1188 2609 et
1215 2522 1340 2609 simul
1369 2553 1547 2640 aquosa,
1573 2545 1636 2611 et
1661 2526 1847 2614 maxime
1875 2551 1939 2616 re·

246 2678 398 2796 giones
425 2679 644 2776 boreales,
681 2675 757 2760 ubi
795 2673 953 2762 herbae
980 2677 1212 2764 teneriores
1241 2698 1285 2762 et
1312 2677 1579 2764 succulentae
1606 2709 1684 2795 per
1707 2701 1843 2766 totam
1872 2709 1938 2776 aa·

244 2854 401 2920 statem
428 2849 682 2948 suppetunt,
712 2851 759 2916 et
785 2827 860 2914 ubi
886 2831 1013 2918 simul
1039 2830 1085 2916 iu
1114 2825 1242 2914 vastis
1270 2829 1496 2945 paludibus
1524 2854 1569 2917 et
1594 2830 1766 2920 ericetis
1791 2831 1936 2920 solitu·

244 2981 393 3074 dinem
419 3003 689 3100 exoptatam,
718 3013 796 3100 pro
821 2985 1041 3070 educanda
1070 2980 1254 3069 securius
1282 2985 1427 3099 prole,
1456 3003 1501 3070 et
1525 2959 1815 3102 permutandis
1847 2989 1940 3106 plu·

242 3137 341 3228 mis·
356 3135 580 3226 inveniunt
591 3197 606 3236 ,
633 3135 797 3224 minore
824 3136 949 3222 simul
974 3165 1149 3221 numero
1178 3134 1320 3220 avium
1353 3136 1567 3253 rapacium
1594 3138 1833 3254 periculum
1860 3138 1939 3226 mi·

243 3291 425 3380 nitente.
483 3290 839 3408 Quandoquidem
867 3321 970 3377 vero
997 3287 1189 3404 regiones
1216 3285 1319 3373 illae
1347 3290 1538 3376 boreales
1565 3287 1723 3408 hyeme
1751 3313 1848 3379 sunt
1874 3289 1939 3378 in·

243 3445 468 3562 hospitae,
506 3473 653 3530 omnes
680 3449 886 3530 Anserum
928 3440 1090 3558 species
1127 3441 1353 3557 quotannis
1395 3445 1624 3530 secundum
1661 3445 1850 3531 strictam
1877 3445 1938 3532 la·

242 3629 346 3716 gem
374 3598 580 3714 migrant,
610 3627 720 3701 non,
749 3593 814 3703 uti
842 3602 986 3699 Grues,
1008 3593 1233 3698 Ciconiae,
1262 3597 1431 3682 Ardeae
1459 3617 1503 3682 et
1531 3597 1783 3714 Scolopaces
1813 3622 1937 3714 atque

235 3757 409 3842 Anates
435 3751 601 3867 plures,
633 3779 773 3834 versus
801 3747 1047 3852 meridiem,
1076 3744 1151 3832 ubi
1179 3747 1379 3862 pabulum
1409 3749 1647 3862 vegetabile
1674 3750 1761 3834 illis
1775 3773 1937 3865 gratum

243 3895 585 4021 non'suppetere
612 3899 806 4010 videtur,
836 3903 911 3987 sed
938 3897 1258 3986 verosimillime
1285 3927 1426 3983 versus
1440 3898 1663 3984 Americao
1691 3895 1948 4015 septentrio-¹

243 4055 355 4144 nelis
382 4055 485 4143 situs
512 4055 856 4174 temperatiores,
886 4051 1049 4168 magnis
1076 4051 1248 4137 lacubus
1277 4073 1321 4136 et
1350 4051 1476 4136 maris
1513 4052 1683 4136 sinubus
1711 4073 1936 4168 occupatos

228 4233 294 4300 et
321 4209 476 4328 hyeme
504 4209 675 4298 mitiore
704 4209 948 4324 gaudentes.
1003 4204 1226 4294 Constanti
1252 4202 1368 4290 enim
1394 4202 1688 4290 observatione
1716 4209 1936 4292 confirma-

227 4389 341 4452 -turn
368 4389 458 4466 est,
484 4370 667 4451 Anseres
694 4363 803 4448 leros
833 4363 1033 4448 abeuntes
1063 4389 1087 4444 e
1114 4357 1264 4444 Rossia
1305 4381 1350 4447 et
1383 4356 1583 4444 citeriore
1612 4357 1767 4443 Sibiria
1796 4387 1937 4442 versus

228 4519 518 4608 :occidentem
546 4515 763 4624 aestivum,
793 4545 817 4602 e
847 4513 1004 4602 Sibiria
1030 4541 1132 4598 vero
1159 4509 1382 4617 ulteriore,
1410 4541 1552 4597 versus
1580 4509 1788 4596 orientem
1817 4509 1938 4596 aesti-

245 4703 351 4760 vum
382 4697 428 4758 et
454 4668 695 4788 hybernum
721 4673 922 4772 tendere3
964 4693 1009 4754 et
1047 4668 1153 4756 licet
1179 4695 1278 4752 rere
1305 4665 1351 4750 in
1382 4663 1629 4750 australibus
1669 4662 1783 4779 prius
1813 4695 1935 4780 appa·

240 4851 393 4936 reant,
423 4826 471 4916 id
496 4847 638 4912 tamen
666 4825 716 4912 fit
739 4847 913 4942 propter
939 4817 1060 4910 hanc
1079 4821 1346 4907 solummodo
1375 4818 1606 4921 rationem,
1648 4817 1761 4932 quod
1802 4847 1937 4934 aquae

237 4981 312 5072 ibi
338 4979 467 5067 citius
494 5012 518 5068 a
545 4979 683 5098 glacie
711 4980 886 5086 solutae,
914 5001 960 5066 et
987 4974 1200 5094 vegetatio
1228 4971 1463 5091 promptior
1491 4991 1572 5074 est,
1596 4969 1710 5056 unde
1738 4991 1935 5074 extrane-

1446 5136 1498 5212 aa
