4696 6054
465 427 553 512 272
1215 423 1368 478 Ε

682 629 853 715 Golden
895 653 996 741 eye,
1052 626 1251 712 Pennont.
1295 619 1414 712 Zooi.
1456 623 1552 710 brit.
1591 651 1633 736 p.
1682 627 1770 709 151.
1800 647 1856 732 sp.
1894 653 1955 702 ιι.
1982 617 2067 704 tab.
2098 619 2154 736 Q.

743 781 863 866 Zool.
894 797 995 866 aret.
1026 782 1081 864 ll.
1112 813 1152 895 p.
1184 789 1277 890 557.
1308 812 1348 864 η.
1363 789 1459 884 436.
1491 778 1678 860 batham.
1694 803 1759 858 ae.
1777 773 1818 856 V
1814 773 1846 854 Ι.
1862 803 1903 888 p.
1922 783 2013 860 535.
2030 805 2069 856 n.
2084 788 2154 886 76.

680 939 796 1020 Anas
824 934 1050 1045 Clangula,
1108 935 1197 1018 Liri.
1226 953 1330 1045 syst.
1360 933 1458 1016 ΧΠ.
1487 929 1521 1013 Ι.
1550 960 1593 1039 p.
1675 957 1741 1042 sp.

675 1091 865 1191 Garrot,·
921 1085 1138 1170 D'aubent.
1168 1093 1263 1198 pict.
1292 1082 1377 1168 tab.
1406 1099 1528 1186 ιω.1

569 1239 745 1326 Rossice
776 1243 910 1354 Gdgol
922 1275 937 1336 ‚·
966 1235 1206 1322 Malorossis
1235 1235 1536 1320 Kraelrusclriro.

569 1389 751 1478 Siraenis
780 1395 1081 1487 &seiunctam
1110 1387 1289 1501 Vogulis
1315 1389 1406 1490 Sol,
1436 1389 1509 1470 Soi
1535 1382 1606 1468 vel
1634 1385 1730 1485 Soi3
1760 1379 1944 1470 Ostiacis
1971 1383 2149 1498 Lobtay,

623 1546 677 1628 ad
718 1549 870 1660 Surgut
915 1543 1287 1630 Toron-sardens·
1326 1539 1387 1649 (i.
1433 1567 1471 1626 e.
1514 1534 1695 1636 Deilux,
1737 1535 1811 1652 qui
1840 1567 1864 1620 s
1891 1535 2079 1622 interdiu
2105 1561 2151 1624 et

621 1727 719 1782 cum
747 1697 874 1784 sibilo
902 1698 1059 1807 volat).
1199 1677 1209 1699 ⁸

565 1849 775 1964 Tungusis
803 1850 1022 1961 Heiriblry‚·
1077 1844 1266 1934 Lamutis
1294 1847 1501 1962 Kongallr.

565 2000 766 2088 Coraecis
816 2004 991 2115 Ilygoli.

562 2151 903 2240 Camtschadalis
959 2156 1119 2248 Guilrur
1174 2148 1510 2238 occidentalibus
1536 2153 1837 2268 Ngulrungulru.

563 2303 720 2394 Curilis
765 2307 1088 2392 Tscbacbtsclrir.
1736 2401 1740 2408 ,

591 2465 666 2544 Est
705 2485 730 2542 e
769 2457 1069 2574 vulgatissimis
1111 2465 1297 2544 Anatum
1338 2455 1557 2572 speciebus
1598 2454 1644 2541 in
1688 2455 1806 2541 omni
1834 2453 1984 2542 Rossia
2013 2458 2143 2550 etism

454 2613 697 2698 australiore
724 2633 769 2695 et
795 2641 872 2730 per
899 2641 1070 2697 omnem
1100 2608 1320 2712 Sibiriam‚
1377 2609 1421 2694 in
1451 2605 1789 2698 Csmtschatcam
1818 2637 1967 2722 usque,
2015 2643 2143 2730 aquas

450 2767 625 2850 fluentes
652 2763 812 2879 pariter
838 2786 884 2849 et
911 2785 1056 2876 stagna
1082 2757 1340 2848 inhabitans.
1399 2761 1618 2848 Urinatrix
1645 2759 1815 2876 egregia
1846 2783 1889 2846 et
1910 2763 2143 2868 omnivors,

449 2913 633 3030 ideoque
663 2915 847 3002 maxime
876 2916 1125 3032 pisculenta.
1186 2913 1564 3019 InCamtschatca,
1595 2933 1702 2999 teste
1730 2915 1972 3020 Steliero,
2004 2948 2141 3006 mures

450 3066 716 3181 migratorios
746 3093 878 3175 vorat,
908 3099 1037 3185 quum
1066 3063 1215 3152 fluvios
1242 3065 1473 3181 trajiciunt.
1530 3071 1625 3156 Ova
1653 3097 1777 3186 saepe
1805 3067 1852 3154 in
1880 3069 1995 3155 cavis
2025 3073 2140 3158 erbo

447 3249 540 3306 rum
568 3221 767 3338 deponit,
796 3217 1025 3310 virescenti
1039 3271 1053 3286 ·
1069 3220 1177 3305 alba.

582 3375 753 3460 Descr.
821 3375 1070 3488 Magnitudo
1111 3374 1363 3488 Penelopes,
1428 3376 1501 3459 sed
1543 3373 1718 3460 crassior
1758 3396 1803 3459 et
1841 3373 1956 3460 collo
1998 3373 2141 3468 adhuc

444 3521 652 3610 breviore.
709 3527 903 3612 Rostrum
919 3528 1079 3628 -brere,
1120 3525 1273 3629 latum,
1314 3526 1405 3612 basi
1433 3557 1633 3630 crassum,
1675 3524 1859 3644 nigrum,
1890 3533 2139 3620 membrana

447 3673 561 3762 inter
585 3707 722 3766 ramos
749 3676 1020 3765 mandibulae
1048 3680 1178 3784 nuda,
1222 3709 1393 3794 rugosa,
1422 3703 1523 3765 atra.
1579 3682 1709 3766 Irides
1736 3676 1930 3765 citrinae.
1998 3685 2137 3798 Caput

439 3829 597 3947 plumis
623 3830 853 3936 tumidum,
910 3862 1007 3918 cum
1036 3830 1140 3918 colli
1169 3829 1298 3922 initio
1324 3855 1479 3939 atrum,
1539 3831 1733 3918 violaceo
1759 3853 1803 3915 et
1830 3831 1959 3916 viridi
1993 3833 2135 3922 nitore

441 3980 620 4068 varians.
689 3987 859 4110 Macula
885 3982 1011 4072 nivea
1039 3983 1174 4070 ovalis
1201 3984 1396 4103 utrinque
1426 3987 1479 4070 ad
1507 4009 1710 4090 rostrum,
1768 3985 1881 4070 unde
1911 3984 2135 4074 Germanis

440 4155 486 4218 et
512 4134 654 4248 Belgis
681 4145 962 4253 perspiciilata
977 4135 1106 4225 dicta.
1163 4141 1326 4224 Collum
1353 4159 1489 4224 totum
1518 4160 1563 4223 et
1590 4167 1740 4253 corpus
1769 4141 1912 4224 subtus
1941 4139 2132 4246 niveum,

437 4309 606 4400 praeter
633 4291 792 4374 femora
819 4290 947 4376 lusca.
1003 4293 1182 4377 Dorsum
1203 4312 1352 4376 strum.
1409 4292 1517 4378 Alae
1536 4299 1701 4405 spuriae
1722 4291 1979 4394 breviculas,
2006 4293 2132 4408 nigro

438 4435 638 4552 virgatas.
707 4445 794 4528 Ata
832 4441 972 4555 nigra,
1029 4442 1170 4528 media
1211 4469 1306 4528 area
1346 4472 1498 4558 magna
1540 4443 1657 4551 albe,
1712 4447 1933 4560 remigibus
1972 4475 2130 4564 nempe

438 4587 695 4678 secundariis
743 4609 938 4681 15-21.
985 4616 1030 4678 et
1067 4594 1315 4682 tectricibus
1354 4593 1476 4712 apice
1517 4597 1637 4682 albis.
1707 4601 1855 4684 cauda
1887 4575 2127 4698 rotundatu,

437 4741 563 4850 fusca,
593 4744 818 4832 rectricum
854 4760 914 4834 16.
943 4777 1160 4862 quarums
1190 4748 1357 4834 mediae
1382 4748 1510 4864 paulo
1539 4749 1766 4836 breviores.
1823 4753 1952 4838 Pedes
1980 4783 2126 4837 aursn-

434 4891 509 4995 tii,
571 4897 824 4982 membrisnis
864 4922 908 4984 et
947 4899 1156 5014 unguibus
1193 4899 1344 5006 fuscis3
1401 4899 1526 5017 digiti
1563 4899 1704 5018 longi,
1763 4914 1940 4994 exterior
1979 4901 2125 4992 medio
