4778 6044
999 499 1148 554 ==
1817 474 1906 582 361

503 709 630 798 Perta.
662 706 911 796 leoteria.
951 707 1069 815 (4¹⁰)
1110 704 1167 790 Π.
1206 735 1247 821 p.
1274 749 1291 770 ·
1317 749 1335 769 ·
1360 731 1402 788 rr.
1431 715 1525 792 230.
1554 702 1639 792 aab.
1670 714 1738 794 aa.
1793 699 1916 792 Zoot.

495 881 597 948 aret.
624 863 680 944 Π.
708 891 748 944 rt.
777 872 872 964 425.
910 860 1102 944 Laetam.
1131 888 1197 943 av.
1224 858 1274 941 V.
1304 885 1343 970 p.
1377 869 1469 964 319.
1500 888 1540 941 n.
1572 867 1609 942 5.

437 1010 648 1127 Pengoin,
678 1014 842 1120 Buffon.
872 1011 973 1096 Orn.
1001 1012 1076 1094 IX.
1106 1043 1147 1127 p.
1177 1023 1272 1119 390.
1301 1009 1395 1094 tab..
1419 1044 1485 1121 27.
1513 1011 1733 1098 Dtautenr.
1764 1015 1912 1125 pictur.

497 1178 691 1250 n..1003.
727 1181 843 1267 1004.

211 1381 218 1390 -
326 1315 501 1406 Rossice
531 1319 585 1402 ad
611 1345 725 1401 mare
754 1316 897 1401 album
935 1317 1161 1418 Tschistr'lr3
1206 1316 1261 1400 ad
1289 1317 1508 1406 Oceanum
1550 1315 1799 1406 orientalem
1825 1311 1916 1399 Arri

386 1494 432 1556 et
464 1472 702 1555 Tschistaels
1994 1465 1996 1470 ’

330 1619 516 1708 Lamotis
546 1625 660 1706 Kari.
719 1617 916 1708 Coraecis
945 1625 1118 1738 Kajblru.

326 1769 661 1864 Camtschadalis
692 1775 864 1869 Aurum
900 1773 1056 1860 Curilis
1084 1778 1215 1862 Aera.

353 1933 567 2042 Frequens
602 1925 649 2009 in
686 1924 795 2010 mari
830 1927 960 2010 boreo
989 1949 1035 2025 et,
1060 1927 1176 2033 albo,
1228 1949 1274 2012 ut
1303 1926 1348 2014 in
1379 1926 1497 2015 omni
1525 1922 1631 2012 mari
1661 1921 1911 2042 septentrio·

211 2079 329 2180 nali,
370 2077 502 2164 rarior
542 2079 596 2161 ad
637 2108 727 2163 oras
766 2073 965 2192 glaciales
997 2077 1209 2182 Sibiriae,
1250 2081 1296 2165 in
1326 2079 1538 2167 Orientali
1566 2081 1741 2166 Oceano
1770 2079 1911 2162 denuo

216 2237 426 2351 frequens.
485 2231 619 2344 Ovum
646 2259 811 2344 semper
838 2235 1010 2315 unicum
1051 2231 1260 2340 (Steller
1287 2232 1331 2316 in
1360 2235 1467 2317 Nou.
1498 2235 1614 2319 Com.
1643 2231 1805 2346 Petrop.
1834 2229 1910 2314 le

216 2421 258 2504 p.
288 2390 425 2490 4ar.l,
455 2383 588 2468 altero
617 2381 817 2466 verticem
847 2404 1038 2485 acutum,
1069 2385 1238 2468 anatino
1265 2392 1420 2496 majus,
1447 2387 1603 2490 album,
1633 2379 1908 2488 maculosum,

223 2535 550 2655 rapidissimum,
581 2533 731 2618 vitello
760 2563 929 2636 croceo,
959 2534 1168 2620 diametro
1200 2536 1254 2622 a''.
1283 2537 1355 2622 axi
1384 2517 1443 2625 δ”.
1464 2535 1545 2620 .ι”’.

352 2690 508 2774 Nidum
546 2684 692 2771 condit
732 2687 844 2771 circa
884 2683 999 2770 Junii
1039 2685 1209 2773 initium
1253 2692 1321 2775 vel
1364 2691 1409 2775 in
1445 2689 1611 2805 rupium
1647 2685 1800 2772 fissuris
1837 2683 1909 2770 vel

215 2844 292 2930 sub
322 2841 431 2926 saxis
459 2862 504 2925 et
530 2837 642 2925 inter
669 2869 769 2922 saxa
796 2859 997 2924 excavata
1025 2843 1201 2948 scrobe,
1254 2871 1435 2957 eumque
1465 2842 1668 2928 incubans
1697 2837 1908 2926 mordicus

218 2991 424 3082 defendit.

352 3147 395 3228 N
402 3165 466 3230 ot.
506 3144 635 3228 Irides
661 3172 834 3256 parvae,
878 3143 1032 3230 fuscae.
1100 3146 1209 3231 Alae
1236 3166 1402 3245 acutae,
1453 3143 1635 3260 rigidae,
1679 3139 1908 3256 remigibus

215 3331 284 3409 27.
314 3327 488 3411 quarum
516 3295 786 3381 secundariae
814 3299 1040 3413 pleraeque
1070 3300 1189 3414 apice
1219 3283 1651 3414 albo-marginatae.¹
1704 3297 1908 3380 Rectrices

221 3469 294 3556 14.
334 3471 480 3536 acutae
521 3447 568 3534 in
608 3451 742 3534 cauda
789 3473 982 3536 cuneata.
1054 3458 1089 3535 E
1130 3451 1236 3535 mari
1263 3453 1360 3538 albo
1389 3455 1552 3538 adlatae
1581 3444 1908 3565 pulcherrimae,

216 3602 485 3714 majusculae.
546 3605 743 3684 Rostrum
774 3601 826 3683 ad
855 3601 974 3686 basin
1002 3611 1115 3688 sulco
1142 3603 1276 3688 inciso
1306 3605 1493 3704 narium,
1544 3601 1740 3720 proximo
1769 3597 1910 3684 minus

192 3753 434 3872 'obliquato
462 3753 582 3854 albu,
611 3747 917 3836 iuuenioribus
946 3752 1100 3838 deinde
1129 3755 1274 3838 bi-vel
1303 3757 1538 3860 trisulcato,
1568 3755 1683 3870 apici
1708 3750 1907 3867 proximo

217 3905 337 3992 sulco
377 3905 583 3991 obsoleto.
653 3905 889 4020 Capistmm
930 3935 1003 3988 seu
1042 3906 1155 3990 linea
1197 3903 1448 3989 candissimo
1488 3905 1685 4020 utrinque
1722 3936 1745 3986 a
1783 3901 1910 3988 crista

216 4055 343 4146 rostri
370 4061 425 4144 sd
453 4053 677 4176 supercilia
704 4053 925 4171 divergens
953 4089 1036 4144 non
1065 4056 1282 4158 omnibus,
1323 4060 1398 4143 sed
1424 4056 1579 4144 adultis
1608 4059 1791 4144 maribus
1817 4079 1909 4140 tan·

215 4233 321 4300 tum.
380 4211 641 4328 Quibusdam
668 4209 813 4294 lunula
839 4215 993 4298 nuckne
1021 4211 1118 4296 albo
1144 4213 1360 4298 nebulosa.

728 4490 850 4602 413.
943 4480 1165 4576 ALCA
1245 4482 1398 4575 Pica.

355 4673 413 4758 Α.
443 4691 577 4758 rostro
605 4698 843 4786 compresso
871 4692 1062 4774 tenuato,
1099 4668 1425 4756 subunisulcato

442 4822 554 4910 Alea
595 4821 717 4928 Pica,
774 4827 863 4909 Liri.
904 4844 1011 4940 syst.
1050 4829 1148 4911 XII.
1187 4828 1223 4911 1.
1266 4857 1307 4941 p.
1346 4855 1439 4908 aro.
1467 4851 1530 4941 sp.
1560 4853 1599 4908 a.
1628 4821 1735 4913 Pau.
1769 4823 1912 4942 spicit.

494 4975 614 5064 Zool·
644 4979 686 5064 V
683 5043 693 5064 .
722 5010 764 5094 p.
792 4991 833 5068 3.

1402 5141 1457 5238 4ο
