4696 6054
492 465 585 562 190
1071 577 1084 594 .
1254 467 1401 530 ΕΞ

487 707 767 796 expansarum
809 677 968 764 alantur
1003 689 1242 768 1‘.a”.6‘''.
1286 675 1494 759 femorum
1534 666 1656 786 parte
1695 669 1808 756 nuda
1850 675 1922 756 8⁶2
1958 665 2082 754 tibiae
2113 683 2157 754 ι”.

486 829 629 947 Digiti
656 829 792 917 medii
818 832 948 942 (cum
974 863 1114 950 ungue
1142 835 1232 946 am.)
1267 825 1383 922 roam.
1440 823 1652 912 Glanduta
1678 853 1844 930 crassa,
1873 823 2027 926 lunata,
2054 853 2159 939 supra

482 983 670 1090 orbitas,
699 986 816 1102 quod
841 1015 930 1072 non
958 984 1005 1072 in
1030 983 1228 1072 omnibus
1252 976 1576 1099 congeneribm.

708 1346 715 1356 ί
860 1415 976 1511 299.
1047 1385 1396 1480 TRYNGA
1468 1383 1807 1504 arquatolle

620 1601 676 1684 Τ.
718 1619 854 1685 rostro
893 1599 1167 1700 aubarcuam,
1210 1623 1387 1712 corpore
1432 1623 1558 1710 supra
1596 1595 1712 1678 fusco
1759 1615 1998 1706 gryseoque
2036 1587 2166 1688 vario,

482 1745 630 1838 mbma
656 1749 828 1854 albida,
858 1747 1089 1867 remigibus
1116 1747 1373 1842 secundariis
1398 1745 1651 1860 quibusdam
1680 1741 1801 1828 albia.

713 1903 919 1987 Alouette
948 1904 1002 1988 de
1030 1907 1153 1988 Mer?
1182 1903 1401 1986 D’aabenr.
1429 1909 1528 2016 pict.
1557 1899 1645 1983 tob.
1673 1911 1770 1984 851.

630 2059 747 2139 Inter
775 2053 914 2140 minus
943 2055 1182 2170 frequentes
1206 2053 1371 2139 Grallaa
1400 2052 1683 2154 numeranda,
1711 2077 1823 2164 quae
1848 2072 1996 2137 tamen
2024 2049 2071 2138 in
2096 2083 2172 2139 ma·

485 2235 569 2322 gna
596 2205 817 2322 regionum
846 2205 1046 2293 distantia
1071 2209 1291 2292 observata
1317 2227 1407 2308 est,
1449 2203 1495 2288 in
1525 2201 1664 2317 Ingria
1689 2223 1737 2287 et
1765 2204 1819 2288 ad
1846 2205 2032 2320 Volgum
2060 2239 2084 2290 a
2110 2237 2170 2292 ma

485 2359 609 2474 ipso,
650 2357 696 2443 in
727 2361 894 2444 deserto
922 2343 1155 2445 barabensi
1174 2362 1226 2444 ab
1255 2363 1449 2444 Amiciss.
1477 2359 1529 2441 ll.
1559 2359 1597 2439 F
1603 2357 1714 2458 olla,
1762 2383 1821 2438 ex
1848 2354 2000 2442 insulis
2026 2358 2174 2448 Cutilia

484 2509 610 2598 missa
638 2543 663 2594 a
699 2516 753 2594 D.
782 2517 837 2596 D.
865 2514 1026 2616 Meris,
1056 2536 1103 2600 et
1130 2511 1176 2598 in
1208 2508 1398 2626 Beringii
1429 2505 1566 2593 insula
1596 2541 1617 2592 a
1643 2511 1873 2596 stenaro
1901 2509 2010 2596 visa.

628 2665 804 2786 De'scr.
832 2666 1083 2778 Magnitudo
1111 2662 1220 2748 insra
1247 2667 1459 2748 Sturnum.
1505 2663 1701 2746 Rostrum
1727 2661 2006 2777 proportione
2031 2687 2079 2750 et
2108 2665 2178 2752 sor·

485 2845 556 2906 tna
583 2837 778 2920 arcuata,
830 2837 878 2901 ut
903 2815 949 2900 in
972 2822 1028 2902 Τ.
1059 2815 1298 2920 lalcinella,
1341 2813 1426 2899 uisi
1452 2814 1580 2930 paulo
1609 2811 1789 2898 brevius.
1854 2815 2026 2932 Corpus
2061 2849 2179 2936 supro

320 3041 323 3050 .
483 2965 642 3086 plumis
671 2967 822 3073 fuscis,
864 2967 1051 3083 margine
1080 2967 1253 3084 pallidis
1283 2965 1355 3078 (in
1382 2965 1573 3058 Cutilioa
1609 2995 1689 3050 ave
1717 2965 2175 3088 ferrugineo.1uoe55)3

484 3139 629 3206 certem
657 3119 871 3206 fuscidior.
938 3123 1168 3235 Supercib'o
1197 3119 1353 3206 albida.
1421 3121 1530 3205 Gula
1559 3119 1679 3218 alba3
1718 3125 1872 3220 collum
1903 3127 2178 3242 jugulumque

483 3294 584 3356 cam
611 3298 777 3389 pectore
804 3269 1065 3358 cinerescena
1095 3271 1168 3382 (in
1193 3270 1372 3358 curilica
1400 3302 1485 3357 var.
1513 3269 1778 3386 lutescens),
1814 3271 1933 3360 fusco
1961 3277 2112 3364 striata
2139 3299 2180 3364 et

486 3443 664 3538 guttata.
720 3428 910 3540 Ramiges
937 3421 1163 3541 primariae
1191 3423 1351 3540 nigrae,
1378 3421 1608 3510 rhachibus
1637 3424 1768 3525 albis;
1793 3429 2068 3517 secundariae
2081 3463 2179 3516 mar·

480 3572 583 3690 gine
611 3573 799 3692 undique
836 3578 983 3676 albaa;
1012 3585 1221 3664 interiores
1248 3577 1414 3694 aliquae
1446 3579 1595 3678 albae,
1636 3605 1760 3692 saepe
1794 3607 1891 3664 cum
1919 3584 2093 3670 macula
2123 3585 2179 3670 di·

479 3723 545 3814 eei
572 3727 698 3812 fusca.
759 3731 1023 3850 Uropygium
1056 3761 1178 3848 supra
1206 3730 1350 3816 colore
1377 3730 1504 3817 dorsi.
1557 3733 1763 3818 Rectn'ces
1788 3733 1955 3836 bracae,
1988 3735 2177 3854 margine

481 3875 764 3988 latescentes,
794 3879 1074 3968 intermediae
1102 3883 1337 3998 longiores,
1367 3886 1604 3972 subacutae.

1120 4191 1166 4284 β.
1225 4191 1374 4276 Rostro
1415 4211 1538 4277 recto.

889 4449 1003 4532 300.
1092 4439 1141 4530 T
1160 4440 1199 4532 R
1219 4440 1256 4532 Y
1277 4439 1377 4532 NG
1399 4443 1441 4532 A
1521 4471 1765 4564 pugnax.

614 4638 668 4728 Τ.
696 4642 879 4760 pedibus
907 4648 1040 4734 rubria
1054 4707 1070 4752 ,
1098 4645 1208 4734 facie
1235 4648 1462 4766 papillosa,
1494 4648 1743 4738 rectricibus
1771 4649 1902 4738 tribus
1929 4651 2181 4744 lateralibus

475 4789 776 4882 immaculatis.

701 4947 810 5034 Avia
838 4977 1009 5064 pugnax
1035 4955 1295 5057 Auctorem,
1325 4955 1466 5044 Albin.
1491 4989 1560 5044 ov.
1587 4957 1623 5043 l.
1655 4955 1738 5042 tab.
1770 4989 1835 5070 7²·
1869 4970 1937 5070 73.
