4770 6042
473 463 539 580 7⁶,
1235 479 1401 538 ffl-

465 685 536 770 vel
566 681 761 770 coturnix
804 677 1228 798 madagascariensis,
1287 677 1417 764 etiam
1455 671 1683 792 tridactyla
1711 697 1819 784 est,
1857 677 2147 794 adeoquenon

467 837 555 924 sola
583 835 630 924 in
662 837 912 924 Tetroonum
939 863 1092 951 genere
1122 831 1425 950 exceptionem
1453 829 1569 948 facit
1584 826 1701 916 haec'
1721 831 1954 947 paradoxo.

715 1095 830 1183 225.
885 1083 1240 1178 TETRAO
1322 1083 1635 1176 caucosico.
1707 1079 1911 1172 Tob.**.

598 1308 650 1388 T.
692 1303 872 1424 pedibus
913 1297 1038 1384 nudis
1080 1293 1323 1401 calcantis,
1380 1317 1556 1410 corpore
1597 1291 1800 1378 turdulato
1837 1288 2151 1412 ferrugineoque

462 1455 684 1564 undulato,
716 1457 856 1574 capite
886 1481 1017 1556 cano,
1047 1450 1143 1566 gula
1173 1450 1282 1562 alba.

679 1611 788 1698 Poll.
818 1615 907 1692 itin.
938 1626 1086 1724 poster.
1115 1609 1196 1690 vol.
1224 1607 1259 1688 1.
1288 1636 1329 1719 p.
1366 1617 1461 1706 4¹4·

476 1823 483 1832 -
570 1762 736 1849 Tataris
766 1758 944 1848 Caucasi
972 1759 1234 1844 Dabomcrulr
1246 1791 1261 1854 ς
1294 1787 1382 1844 ruas
1409 1754 1712 1844 Becsbbormals
1726 1750 1757 1840 i.
1772 1779 1811 1838 e.
1824 1753 2153 1871 pentadactylus,

628 1917 695 2001 ob'
713 1912 840 2000 tibias
870 1912 1112 2004 calcar-atas.

568 2066 861 2154 Tscberkessis
890 2067 1028 2177 Sym5
1056 2059 1266 2152 Ossetinis
1284 2061 1411 2175 Zym.

570 2219 819 2334 Georgianis
847 2219 1117 2304 Dshurdscbi.

596 2371 772 2482 Habitat
797 2370 843 2456 in
872 2369 1046 2456 summis
1064 2368 1241 2457 Caucasi
1270 2366 1462 2485 rupibus,
1492 2367 1670 2483 provida
1698 2390 1743 2454 et
1768 2387 1924 2454 venatu
1952 2365 2154 2456 difficilli-

457 2555 554 2628 maa
612 2521 704 2625 riso
745 2523 920 2612 homine
963 2520 1140 2621 dicitur,
1187 2542 1234 2606 ut
1272 2521 1499 2624 Graculus,
1555 2520 1759 2637 singulari
1798 2523 2008 2608 fistulante
2051 2547 2156 2608 voce

456 2700 677 2795 pascentes
704 2677 817 2765 circa
846 2706 972 2793 rupes
999 2680 1236 2791 Acgagros,
1265 2680 1500 2761 Ammones
1528 2675 1601 2758 vel
1627 2673 1887 2791 Rupicapras
1916 2676 2156 2792 de‘pericu·

455 2831 500 2916 lo
537 2833 789 2934 admonere,
839 2827 934 2945 ipsa
977 2859 1105 2942 quam
1144 2828 1329 2912 maxime
1370 2825 1563 2942 provida.
1633 2827 1765 2913 Omni
1791 2827 1987 2916 adhibita
2015 2859 2157 2947 opera,

457 2983 588 3098 quum
616 3013 726 3070 anno
762 3015 878 3094 179²·
910 2983 965 3066 ad
992 2982 1150 3098 pedem
1179 2978 1356 3068 Caucasi
1383 3009 1685 3079 commorarer,
1726 2978 1863 3096 ipsam
1880 3012 2017 3087 avem,
2063 3011 2156 3094 pro·

455 3133 598 3250 posito
626 3134 733 3222 licet
769 3133 961 3252 praemio
1002 3132 1196 3220 obtinere
1236 3133 1402 3218 fortuna
1430 3130 1616 3246 negavit
1684 3136 1768 3220 Sed
1796 3163 1930 3250 nuper
1955 3135 2155 3222 Nobiliss.

455 3288 546 3373 Lib.
589 3290 701 3373 Baro
741 3291 1012 3375 Marscbol
1051 3320 1080 3373 a
1122 3259 1435 3388 Bibersteln,
1491 3315 1569 3401 pro
1609 3317 1681 3371 sua
1709 3315 1808 3402 erga
1836 3317 1905 3374 me
1947 3285 2153 3389 amicitia,

457 3438 791 3526 communicarit
831 3469 948 3526 rarae
989 3437 1114 3555 hujus
1156 3437 1245 3528 aris
1272 3435 1466 3538 iconem,
1519 3437 1630 3524 vivis
1658 3440 1871 3528 coloribus
1898 3462 1943 3526 et
1968 3435 2154 3526 naturali

455 3590 750 3707 magnitudine
769 3591 815 3679 in
827 3591 1010 3709 Georgia
1025 3591 1295 3688 delineatam,
1308 3619 1406 3677 cum
1419 3590 1539 3678 brevi
1557 3591 1842 3710 descriptione
1857 3625 1881 3680 a
1894 3597 2153 3708 Diligentiss.

453 3745 511 3828 D.
541 3745 597 3832 D.
626 3747 807 3834 Steven
834 3748 1042 3850 oblatam,
1074 3751 1191 3858 cujus
1223 3741 1298 3828 hic
1327 3743 1515 3860 sequitur
1544 3744 1744 3861 epitome,
1775 3776 1873 3834 curn
1900 3744 2028 3832 icone
2055 3741 2155 3834 dili·

454 3895 699 4012 gentissime
727 3897 773 3985 in
801 3897 1013 3987 minorem
1040 3902 1220 3986 formam
1248 3898 1434 3984 reducta.

588 4051 760 4138 Decor.
788 4053 1038 4166 Magnitudo
1066 4057 1119 4136 T.
1147 4049 1350 4157 Tetricis,
1379 4052 1454 4139 sed
1483 4049 1602 4138 tibiis
1629 4052 1766 4160 nudis,
1798 4052 1905 4140 mari
1928 4047 2152 4140 calcaratis

453 4204 508 4288 ad
535 4203 711 4293 alteram
751 4208 1009 4290 Tetraonum
1037 4203 1293 4322 pbalangem
1323 4204 1522 4320 pertinet.
1590 4208 1783 4294 Rostrum
1809 4203 1998 4311 unciale,
2042 4233 2151 4292 cras·

452 4387 542 4444 sum
568 4356 755 4474 nigrum,
799 4359 1100 4446 subaduncum.
1175 4359 1409 4446 commuta
1435 4357 1662 4446 flavissima
1689 4391 1813 4477 supra
1840 4387 1959 4446 nares
1986 4379 2149 4460 ovatae,

455 4533 693 4626 tractusque
732 4511 867 4596 nudus
907 4513 1038 4596 flavus
1077 4539 1189 4628 pone
1217 4510 1380 4615 oculos,
1436 4541 1533 4598 cum
1561 4511 1775 4628 palpebris
1802 4515 1943 4598 flavus.
2012 4509 2150 4596 Irides

452 4663 608 4748 fuscae.
666 4665 802 4780 Caput
829 4693 935 4748 cano
953 4662 1212 4768 -cinereum,
1241 4663 1398 4780 plumis
1425 4663 1538 4751 circa
1567 4694 1686 4750 aures
1714 4665 1841 4782 paulo
1867 4659 2148 4777 longioribus

452 4819 628 4902 Tractus
654 4815 826 4904 albus·a
852 4840 985 4904 rostro
1008 4840 1124 4906 trans
1151 4815 1308 4904 oculos.
1367 4819 1517 4904 Carula:
1544 4818 1688 4905 colore
1716 4815 1888 4934 capitis,
1931 4841 2040 4900 cano
2055 4861 2071 4880 ·
2084 4809 2148 4898 ci·

451 4995 598 5078 nerea3
628 4969 788 5062 collum
815 4973 959 5062 subtus
987 4971 1043 5060 ad
1068 4969 1259 5090 jugulum
1280 4999 1417 5088 ¹usque
1432 4971 1588 5080 album,
1618 4967 1755 5058 lituris
1770 4966 1932 5085 aliquot
1944 4963 2144 5058 cinereis.
