4770 6042
456 507 518 610 rs
1041 517 1380 576 -=

566 719 798 814 Esthonice
825 721 1027 838 Poelslpr'l,
1057 717 1250 806 Lestonis
1275 723 1421 807 Luulu
1472 720 1559 812 irbs
1585 721 1779 812 Kanna.

566 875 813 965 Morduanis
840 878 944 962 Puo.
1001 871 1205 990 Kystimis
1232 875 1554 964 rma-dasian.

562 1028 744 1145 Tungsis
775 1031 1062 1146 Tsclsuplruroe
1074 1063 1088 1124 ,·
1116 1021 1164 1110 in
1190 1022 1346 1112 Tauria
1376 1027 1646 1118 Tsclsorlsirol.

566 1183 737 1300 Iaponis
763 1186 922 1272 Schiroi
948 1181 1087 1300 phodb
1099 1213 1114 1274 ‚·
1141 1175 1257 1263 Indis
1283 1182 1465 1282 Baiter,-
1491 1179 1696 1298 Tangutis
1729 1179 1985 1268 Wsclrolr’bo.

593 1341 645 1423 ln
672 1333 847 1422 Rossiae
875 1356 1000 1452 atque
1030 1305 1209 1417 Sibiriae
1225 1330 1330 1418 citra
1344 1339 1503 1420 lenam
1527 1331 1788 1450 temperatis,
1818 1331 2149 1446 australioribus,

455 1486 763 1607 campestribus
790 1481 1156 1604 [sequeutissima3
1200 1480 1312 1571 circa
1340 1485 1532 1573 Alta'r'cos
1560 1507 1743 1592 montes,
1787 1488 1841 1573 ad
1866 1485 2075 1575 Jeuiseam
2103 1511 2150 1578 et

453 1640 504 1734 in
534 1639 724 1730 Daunsia
749 1641 893 1728 colore
921 1634 1177 1729 obsoletiore
1203 1637 1331 1758 paulo
1360 1635 1550 1742 diversa,
1578 1661 1623 1724 et
1650 1661 1850 1728 autumno
1876 1637 1923 1727 iu
1951 1637 2149 1758 supertri-

456 1795 535 1888 bus
564 1791 739 1912 apricis,
781 1796 837 1880 ad
863 1791 997 1879 solem
1024 1789 1173 1896 versis,
1222 1787 1416 1909 copiosa,
1459 1791 1533 1878 ubi
1561 1789 1750 1907 gregaria
1789 1788 2023 1910 hybamat,
2062 1821 2151 1882 sae·

456 1946 554 2064 pius
582 1946 659 2031 sub
685 1943 785 2032 nire
813 1945 973 2044 latensa
1010 1945 1152 2068 stubi
1181 1965 1343 2062 potest,
1384 1940 1497 2033 circa
1525 1941 1677 2030 horrea
1706 1943 1977 2050 rusticorum,
2019 1947 2151 2033 auda·

457 2094 630 2186 sissima
655 2095 768 2184 iuter
794 2096 972 2213 gallinas
998 2094 1196 2214 pascitur.
1254 2095 1396 2182 Etiam
1424 2094 1471 2182 in
1492 2093 1748 2212 rupestribus
1776 2095 1955 2184 minime
1967 2095 2149 2185 timidae

456 2271 652 2356 currunt,
694 2279 789 2336 raro
815 2249 979 2356 volant,
1021 2247 1106 2334 nisi
1133 2249 1280 2366 sclopo
1306 2247 1504 2351 territae3
1561 2253 1701 2334 Mares
1728 2251 1782 2336 ad
1808 2249 1943 2336 solem
1969 2251 2150 2339 caudam

456 2423 643 2494 rotantes
669 2425 715 2490 et
740 2401 1044 2522 superbientes.
1101 2408 1150 2486 In
1178 2399 1353 2488 desertis
1377 2399 1574 2488 Tatariae
1603 2371 1850 2488 anamalibus
1876 2399 1989 2488 inser
2015 2401 2150 2492 colles

456 2583 652 2646 arenosos
679 2578 725 2643 et
751 2555 798 2643 in
823 2553 1047 2674 paludibus
1074 2553 1216 2660 salsis,
1244 2553 1320 2641 ubi
1345 2551 1422 2640 nix
1450 2585 1537 2640 non
1578 2557 1724 2660 durat,
1752 2575 1844 2641 tota
1870 2551 2030 2672 hyeme
2057 2583 2150 2672 gre·

456 2707 616 2824 gariae,
670 2707 818 2824 ibique
855 2705 1086 2794 seminibus
1125 2707 1401 2812 Salsularum,
1444 2704 1843 2824 Chenopodiorum,
1889 2705 2149 2827 Atriplicum

456 2839 643 2948 mamme
682 2858 981 2976 pinguescunt,
1036 2858 1110 2945 sed
1140 2857 1316 2944 minime
1344 2859 1530 2976 sapidae.
1599 2858 1805 2976 Egregiae
1833 2883 1981 2948 contra
2008 2881 2053 2946 et
2078 2889 2149 2948 co·

455 3011 721 3131 piosissimae
748 3009 796 3098 in
823 3007 1089 3099 Chersoneso
1121 3009 1324 3112 Taurica,
1362 3009 1508 3126 paucis
1535 3011 1677 3098 arium
1707 3009 1927 3130 speciebus
1954 3013 2150 3128 frequen·

455 3187 559 3252 tata.
629 3159 846 3280 Gregatim
885 3160 934 3248 in
972 3186 1062 3250 rete
1101 3157 1224 3250 humi
1262 3185 1449 3269 tensum,
1507 3163 1654 3283 pedali
1693 3165 1865 3254 circiter
1904 3163 2147 3272 altitudine,

456 3317 618 3406 duabus
645 3314 725 3405 alis
753 3313 1067 3432 divergeutibus
1093 3319 1234 3435 plures
1263 3345 1411 3432 orgyas
1439 3316 1590 3434 longis,
1618 3317 1665 3404 in
1686 3317 1876 3406 medium
1889 3347 2056 3406 saccum
2080 3315 2146 3404 in·

457 3467 852 3556 fundibulisormem
891 3471 1266 3586 conrergentibus,
1339 3471 1392 3554 ab
1430 3466 1609 3558 bomine
1649 3495 1746 3588 post
1784 3471 1927 3558 velum
1966 3471 2150 3558 linteum

456 3641 625 3710 tensum
651 3619 810 3708 latente
838 3621 1164 3739 compelluntur,
1191 3621 1447 3738 facilemque
1475 3622 1521 3709 iu
1545 3622 1847 3742 campestribus
1874 3621 2148 3710 renationem

457 3775 677 3890 praebent.
735 3773 935 3862 Incidunt
961 3774 1091 3862 etiam
1119 3777 1166 3862 in
1194 3805 1391 3892 suspensa
1420 3774 1546 3884 retia,
1575 3806 1683 3893 quae
1712 3780 1768 3864 ob
1795 3773 2005 3862 humilem
2033 3773 2150 3861 rola-

453 3947 546 4016 tum
576 3926 738 4014 evitare
766 3950 995 4044 nequeunt.
1052 3931 1102 4014 In
1130 3926 1327 4015 orientali
1355 3925 1534 4036 Sibiria,
1561 3929 1673 4016 ultra
1697 3937 1881 4029 Lanam,
1913 3950 2005 4016 tota
2031 3923 2150 4042 frigi·

458 4079 535 4181 da,
562 4104 609 4167 et
634 4078 681 4166 in
711 4077 1005 4168 Camtschatca
1034 4082 1197 4168 desunt.
1238 4079 1536 4167 Eborealibus
1563 4079 1720 4199 hyeme
1747 4081 1983 4170 discedunt.
2023 4085 2148 4166 Tem·

456 4259 561 4350 pora
586 4231 932 4352 publicationis,
986 4235 1274 4352 primorem,
1316 4261 1395 4349 per
1420 4231 1540 4349 paria
1568 4235 1878 4355 disperguntur.
1942 4233 2149 4322 Incubant

455 4381 594 4474 humi.
651 4385 747 4476 Ova
774 4387 889 4475 orali
904 4441 917 4455 ·
932 4389 1128 4504 globosa,
1157 4386 1320 4506 pallido
1334 4439 1349 4456 ·
1364 4389 1472 4478 alba.

593 4540 772 4627 Descr.
801 4543 1024 4630 Veriaraca
1049 4539 1250 4658 rupestris
1275 4541 1518 4630 douuricoe:
1549 4545 1694 4632 Facies
1720 4565 1824 4650 sota,
1853 4563 2009 4632 tractus
2035 4567 2149 4657 pone

457 4691 623 4798 oculos,
673 4693 913 4810 geislere,
963 4717 1202 4810 tractusque
1229 4692 1427 4811 pollicari
1452 4693 1625 4784 circiter
1649 4696 1875 4784 latitudine
1904 4699 2047 4782 subtus
2072 4719 2153 4810 per

459 4842 618 4931 collum
629 4906 644 4946 ,
671 4847 861 4962 jugulum
888 4869 933 4934 et
959 4872 1108 4966 pectus
1136 4846 1428 4956 continuatus,
1471 4847 1727 4939 dilutissime
1755 4845 2004 4966 ferrugines.
2058 4845 2154 4930 Mo·

459 5000 556 5086 crdo
595 4997 728 5088 sterni
767 5021 857 5090 stra
894 4999 1073 5120 insignis
1114 5023 1294 5091 tractum
1331 5001 1437 5092 colli
1475 5003 1691 5094 terminat.
1747 5007 1910 5096 bassula
1937 5031 2061 5122 supra
2085 5025 2153 5088 ro·
