4778 6044
986 448 1139 500 ,τε
1815 453 1901 534 ²9¹

222 651 385 768 nigrae,
443 679 537 736 area
577 673 727 760 magna
766 643 939 762 obliqua
977 650 1125 734 baseos
1168 650 1287 750 alba3
1342 653 1551 762 spatulum
1596 647 1907 766 (enemigibus

220 803 549 916 tectricibusque
577 798 843 886 intermediis
859 800 1086 902 aterrimis,
1116 803 1236 918 apice
1268 803 1429 914 albis,)
1459 825 1616 901 atrum,
1644 801 1759 888 linea
1786 804 1906 888 tenui

219 954 467 1070 poeticoque
496 951 682 1066 margine
712 952 867 1037 album.
926 957 1077 1038 Subtus
1105 958 1197 1039 alae
1225 954 1318 1038 basi
1344 953 1489 1040 albida
1503 956 1703 1070 fuscoque
1721 954 1904 1040 striatae.

221 1107 348 1192 Pedes
377 1107 721 1190 coerulescentes.
776 1105 941 1190 Pondus
969 1093 1201 1192 subbilibre
1230 1107 1301 1190 vel
1331 1107 1549 1190 unciarum
1579 1137 1664 1192 xx.

303 1270 346 1356 β.
373 1261 422 1340 M
428 1288 537 1341 ares
573 1285 671 1342 vere
699 1279 794 1373 post
822 1256 1091 1342 nativitatem
1119 1259 1256 1374 primo
1285 1257 1482 1342 foeminis
1511 1257 1773 1360 subsimiles,
1831 1262 1905 1344 sed

221 1406 513 1522 magnitudine
542 1410 629 1492 fere
659 1410 958 1505 masculorum,
987 1411 1223 1509 seniorum;
1265 1419 1399 1524 capite
1428 1410 1619 1494 obsolete
1650 1409 1904 1524 ferruginem

222 1561 296 1646 vix
327 1561 526 1656 cristato,·
586 1592 683 1646 areo
711 1564 787 1644 sub
816 1561 948 1644 oculis
979 1585 1023 1645 et
1052 1593 1180 1676 usque
1211 1564 1263 1646 ad
1291 1585 1468 1647 rostrum
1497 1561 1757 1678 nigricante3
1799 1570 1907 1676 gulo

221 1714 306 1799 late
335 1714 455 1812 alba3
512 1743 686 1827 corpore
713 1744 838 1828 supra
867 1711 1119 1826 nigricante,
1149 1745 1338 1828 canoque
1365 1717 1591 1814 nebuloso,
1617 1715 1760 1800 subtus
1786 1716 1904 1814 albor

221 1839 320 1951 areu
347 1867 493 1948 baseos
520 1867 698 1967 alarum,
756 1865 1010 1978 speculoque
1039 1866 1256 1967 sterrimo,
1313 1867 1459 1980 striga,
1517 1867 1762 1983 posticeque
1791 1867 1904 1950 albo·
1954 1941 1958 1952 ,

176 2124 180 2130 ¹
220 2015 480 2130 marginat03
537 2015 616 2100 alis
646 2015 821 2130 spuriis,
877 2017 1108 2132 uropy'gi0‚
1148 2021 1363 2133 caudaque
1400 2037 1448 2124 ¹4
1475 2016 1624 2134 pennis
1657 2017 1904 2133 composita,

220 2169 348 2256 canis.
404 2175 470 2252 Ex
498 2167 567 2254 his
597 2191 812 2254 auctorum
841 2199 1073 2283 synonyma
1101 2175 1163 2262 d.

315 2337 321 2352 '
360 2326 398 2407 F
405 2330 626 2408 oeminae
655 2319 830 2423 multae,
861 2351 957 2405 cum
985 2323 1150 2406 annosis
1178 2345 1222 2408 et
1252 2321 1457 2408 anniculis
1473 2351 1572 2409 vere
1588 2321 1749 2442 sociae,
1776 2317 1904 2440 longe

221 2476 403 2584 minores
431 2471 525 2577 bis,
580 2479 784 2590 ajuniore
825 2474 1010 2558 masculo
1048 2496 1212 2560 tantum
1241 2478 1399 2586 defectu
1425 2507 1544 2562 ureae
1574 2479 1627 2560 ad
1656 2500 1834 2563 rostmm
1862 2499 1907 2564 et

221 2630 366 2716 oculos
392 2629 531 2711 fuscae
558 2606 900 2737 distinguendae,
942 2623 1045 2709 alias
1074 2625 1340 2726 simillimae,
1386 2629 1460 2712 sed
1489 2623 1564 2734 rix
1592 2631 1756 2743 pondus
1783 2629 1906 2716 unius
1968 2739 1971 2746 y

222 2780 356 2866 librae
397 2801 635 2893 aequantes.
702 2780 905 2862 Rectrices
944 2773 1012 2862 his
1054 2809 1078 2862 a
1126 2811 1186 2864 ro.
1231 2781 1285 2866 ad
1331 2798 1391 2886 14.
1431 2773 1667 2864 observavi.
1738 2783 1905 2868 Pondus

221 2932 343 3017 unius
382 2930 528 3016 librae.
584 2927 660 3014 His
695 2930 795 3014 ulna
825 2929 981 3013 alarum
1012 2933 1075 3016 δ”.
1107 2935 1184 3017 dm.
1212 2929 1421 3046 prioribus
1450 2937 1515 3042 γ’.
1540 2939 1616 3050 affl.
1649 2954 1826 3017 rostrum
1845 2944 1906 3018 1¹¹.

223 3088 302 3172 3m.
328 3082 419 3168 istis
455 3085 515 3168 1“.
547 3085 625 3170 dm.
664 3133 720 3148 —-
758 3078 1032 3165 Minimarum
1074 3103 1164 3167 tota
1203 3082 1427 3199 longitudo
1474 3091 1560 3168 nd.
1589 3087 1666 3190 pm.
1695 3113 1904 3200 expansae

223 3237 315 3324 alae
350 3241 492 3346 1‘.7“·
521 3241 601 3348 7“‘.
628 3232 759 3318 tibiae
794 3237 854 3318 1“.
882 3233 1038 3348 digitus
1067 3235 1232 3321 medius
1262 3245 1375 3346 (cum
1397 3265 1502 3354 sung.
1531 3242 1631 3346 dm.)
1664 3244 1729 3320 au.
1764 3243 1838 3323 rm.

585 3395 699 3487 360.
777 3393 1118 3486 MERGUS
1191 3401 1487 3506 cristatus,

362 3547 425 3630 M.
454 3539 595 3654 niger,
639 3561 786 3624 ventre
815 3540 934 3637 albo,
962 3537 1089 3626 crista
1116 3537 1313 3654 occipitis
1342 3539 1611 3656 dependente
1640 3541 1878 3627 concolora.

362 3702 429 3780 Ex
470 3691 617 3778 insulis
658 3677 822 3778 Oceani
859 3689 1075 3776 orientalis
1102 3721 1234 3806 pauca
1262 3690 1496 3806 specimina
1523 3721 1638 3776 rarae
1666 3687 1790 3806 hujus
1818 3697 1906 3781 avis

223 3849 459 3938 retulerunt
484 3847 720 3931 Nauarcba.
747 3845 831 3928 Ios.
858 3847 1088 3958 Bttttngs
1115 3865 1160 3929 et
1185 3844 1241 3926 D.
1271 3844 1327 3928 D.
1355 3845 1538 3928 Merclt.

362 4005 532 4086 Descr.
573 3995 824 4112 Magnitudo
864 4027 987 4112 supra
1025 3996 1257 4082 Albellum.
1326 3996 1519 4080 Rostrum
1546 3995 1728 4099 firscum,
1786 3997 1906 4116 apice

224 4159 471 4259 flavescens,
526 4149 771 4235 mandibula
810 4151 1087 4253 flavescente,
1146 4145 1268 4274 apice
1308 4145 1481 4262 pallida.
1550 4147 1680 4232 Irides
1719 4175 1904 4262 gryseae.

225 4313 386 4425 Corpus
413 4333 546 4422 opaco
572 4301 760 4418 nigrum,
791 4324 963 4418 pectore
992 4324 1036 4386 et
1063 4323 1209 4388 ventre
1239 4297 1359 4391 albis.
1417 4303 1553 4416 Caput
1579 4297 1717 4384 laxius
1745 4300 1907 4415 plumo-

227 4493 345 4565 sum,
389 4457 514 4546 crista
540 4487 618 4573 per
658 4453 869 4541 cervicem
908 4457 1204 4542 descendente.
1258 4455 1400 4540 Pedes
1428 4450 1554 4542 rubri.
1622 4455 1812 4566 Remiges
1842 4465 1908 4540 26.

226 4615 430 4699 Recna‘ces
464 4631 525 4718 14.
598 4617 794 4696 Mensura
822 4612 876 4696 ad
904 4607 1164 4726 uropygium'
1191 4619 1237 4696 re
1265 4607 1371 4724 poll.
1398 4607 1521 4692 rostri
1551 4613 1615 4694 ad.
1645 4615 1724 4712 Ψ.
1754 4633 1909 4719 expan-

227 4795 365 4850 sarum
396 4763 553 4849 alarum
583 4796 605 4846 a
635 4763 734 4877 ped.
764 4799 789 4870 9
817 4763 922 4878 poll.
993 4761 1219 4878 Specimen
1258 4787 1336 4875 pro
1365 4763 1596 4848 acutatiore
1625 4755 1908 4873 descriptione

227 4946 339 5004 nuuc
367 4945 455 5005 non
484 4918 537 5002 ad
564 4945 724 5000 manus.

1450 5071 1473 5120 0
