4770 6042
834 1013 1364 1149 ,oaoorn

462 1259 1677 1474 'rnruortuaa

826 1791 1426 1842 ‘m

275 2228 503 2378 Maxime
552 2281 780 2375 neutralem
818 2278 1000 2364 ordinem
1038 2303 1082 2366 et
1122 2310 1249 2366 unam
1286 2281 1407 2398 quasi
1447 2280 1654 2368 familiam
1694 2277 1807 2368 inter
1850 2279 1966 2366 Areo

277 2435 540 2523 constituunt
568 2427 873 2544 antiquioribus
915 2430 1211 2544 Ornithologis
1251 2434 1311 2526 sio
1346 2434 1486 2550 dictae
1523 2444 1798 2520 crossirostres
1832 2405 1969 2545 grani·

274 2617 430 2687 norae,
477 2579 791 2689 enucleatrices.
859 2587 982 2664 Hunc
1010 2563 1225 2668 Ordinem¹
1243 2583 1358 2700 prius
1386 2587 1440 2670 ad
1476 2586 1593 2703 Roji
1621 2605 1666 2666 et
1703 2585 1966 2669 Brissonii

272 2767 406 2853 usque
441 2738 606 2822 labores
641 2753 753 2817 caste
788 2754 832 2816 et
858 2711 970 2850 'pure
1005 2719 1315 2821 amethodicia
1348 2759 1584 2837 servatum,
1632 2733 1821 2850 corrupit
1855 2739 1963 2819 Lin-

274 2921 456 2995 noeuo,
486 2890 588 2972 dum
616 2913 713 2970 aves
741 2865 1015 2970 tenuirostros
1041 2885 1224 2972 minores
1248 2888 1552 3004 antiquiorum,
1582 2885 1672 2972 sine
1700 2888 1790 2972 ullo
1813 2888 1964 3006 funda·

262 3065 421 3142 Jnento
457 3040 599 3124 eidem
634 3033 803 3150 adjecit.
872 3040 978 3121 Sunt
1011 3037 1127 3122 enim
1162 3037 1245 3122 hae
1273 3069 1410 3154 neque
1450 3003 1782 3156 enucleatrices,
1824 3067 1963 3155 neque

276 3196 414 3284 solum
440 3190 709 3309 granivorao,
747 3211 880 3276 rostro
908 3191 1068 3276 nullam
1096 3187 1259 3276 habent
1285 3221 1383 3276 cum
1418 3171 1780 3277 Enucleatricibua
1817 3188 1967 3275 simili·

266 3346 494 3446 tudinem,
544 3366 590 3430 et
621 3341 789 3430 interna
808 3371 992 3457 quoque
1029 3372 1278 3458 organorum
1314 3367 1518 3432 structura
1554 3375 1641 3429 non
1675 3342 1964 3444 conveniunt,

276 3497 346 3586 uti
369 3526 448 3584 neo
474 3475 675 3582 moribus.
739 3501 789 3579 In
815 3494 1037 3610 pristinam
1065 3524 1165 3610 ergo
1191 3496 1421 3612 puritatem
1438 3494 1523 3622 ¹hic
1550 3496 1727 3583 restituo
1754 3493 1869 3583 hunc
1897 3525 1962 3582 or·

273 3653 447 3754 dinem,
501 3648 573 3736 cui
598 3656 701 3764 .jure
748 3649 1130 3734 adnumerabuntur
1175 3648 1306 3734 etiam
1349 3653 1523 3738 Psittoci
1534 3713 1548 3760 ‚
1605 3647 1824 3736 indicante
1875 3644 1962 3733 hoe

271 3835 421 3893 eorum
455 3825 590 3890 rostro
625 3802 943 3906 enucleatoreo,
988 3799 1140 3886 habitu
1179 3822 1223 3885 et
1260 3800 1468 3907 moribus,
1509 3799 1756 3918 praesertim
1789 3829 1889 3886 vero
1917 3825 1963 3884 a·

263 3947 412 4076 ¹'gregia
444 3954 623 4066 adillos
646 3951 846 4068 transitu,
885 3983 963 4068 per
993 3957 1151 4042 Loetas
1188 3953 1468 4061 curuirostreo,
1496 3953 1739 4047 aPsittacio
1767 3954 1856 4040 sola
1888 3980 1961 4068 pe·

270 4113 376 4197 dum
416 4105 752 4196 conformatione
796 4103 1126 4222 distinguendas.
1203 4113 1374 4194 Nomen
1416 4108 1518 4194 huic
1560 4109 1703 4198 ordini
1741 4108 1961 4227 imponere

268 4261 406 4352 malui
436 4265 752 4374 Fringr'llornm,
790 4260 905 4371 quod
932 4257 1065 4374 magis
1093 4261 1296 4374 quadrare
1326 4258 1519 4367 videtur,
1562 4237 1687 4383 quam
1714 4263 1841 4350 nimis
1867 4283 1958 4372 spo·

268 4414 384 4504 ciale
412 4421 641 4499 Passerum.
697 4408 928 4526 Fringillae
957 4407 1103 4520 enim,
1132 4442 1159 4496 a
1186 4413 1423 4530 frangendo
1450 4418 1595 4510 rostris
1622 4427 1834 4541 granula„
1857 4455 1955 4544 qua·

268 4567 313 4658 si
338 4569 576 4682 frangiuae
602 4562 811 4652 dicuntur.

795 4805 1433 4842 m
