4778 6044
481 431 571 510 ²90
1107 440 1111 448 ·
1248 423 1395 478 ==¹

696 637 864 744 Mergus
893 626 1103 725 minutus,
1129 631 1220 710 Lin.
1249 647 1355 740 syst.
1383 627 1480 712 ΧΠ.
1508 632 1543 712 Ι.
1572 660 1614 745 p.
1644 661 1738 736 209·
1770 657 1878 742 spec.
1906 643 1943 714 6.
1973 631 2163 716 Laelium.

755 815 822 866 αυ.
853 782 923 864 VI.
954 813 994 896 p.
1025 797 1119 886 429.
1149 812 1188 865 n.
1222 795 1263 868 6.

694 935 821 1020 Harle
849 932 998 1036 etoile,
1041 935 1258 1020 D'uubent.
1290 941 1384 1050 piet.
1414 966 1455 1016 rr.
1484 947 1579 1039 450.

581 1088 760 1176 Rossice
800 1089 932 1172 Lutok
975 1084 1043 1168 vel
1083 1088 1283 1198 Pagnnlru
1326 1087 1570 1201 (impura);
1625 1088 1890 1172 venatoribus
1936 1089 2047 1174 Utlru
2094 1121 2164 1202 ry·

642 1241 840 1326 butschlru
869 1243 1005 1347 (Anas
1032 1236 1280 1351 piscatrix);
1323 1237 1563 1322 Malorossis
1590 1239 1752 1350 Nyrolt.

586 1393 750 1478 Tataris
779 1395 1029 1504 Magatscbe
1057 1389 1127 1474 vel
1154 1392 1321 1476 Kiriiter
1336 1441 1349 1459 ·
1365 1423 1478 1476 mur·
1493 1393 1637 1476 uruat.
2137 1505 2143 1515 ι

471 1541 483 1560 “
584 1543 767 1629 Siraenis
794 1545 1026 1628 Semtscbir.
1083 1541 1261 1655 Vogulis
1288 1545 1469 1660 Simsjar.
1527 1540 1708 1628 Ostiacis
1738 1545 1944 1630 adobum
1972 1546 2165 1652 Simsaer3

644 1700 698 1782 ad
728 1701 878 1809 Surgut
907 1696 1161 1807 Kytschnlri,
1201 1694 1253 1776 ad
1282 1699 1444 1810 Narym
1472 1697 1665 1782 Konnazi.

591 1848 825 1962 Samojedis
854 1850 1131 1959 Chalingcbat
1159 1845 1417 1960 (Piscator).

584 2001 794 2114 Tungusis
827 2004 1003 2084 Momm.
1426 2024 1435 2036 “

586 2153 785 2240 Coraecis
811 2154 1137 2268 Jaldlgalgapin.
1343 2234 1346 2243 .

585 2302 919 2393 Camtschadalis
946 2307 1262 2416 Sdalulrytschr'3
1299 2301 1477 2390 Ukinzis
1506 2305 1631 2393 Olool
1658 2308 1729 2393 vel
1756 2307 1967 2396 Ozootsch.

614 2465 695 2544 Per
723 2485 895 2544 ornnem
923 2455 1116 2542 Rossiam
1145 2479 1192 2540 et
1219 2455 1443 2561 Sibiriam,
1501 2459 1554 2544 ad
1591 2459 1839 2546 orientalem
1868 2493 1998 2577 usque
2028 2467 2161 2552 Ocea·

471 2643 602 2716 num,
643 2609 690 2695 in
732 2606 956 2694 maritimis
998 2607 1157 2724 pariter
1183 2629 1228 2691 et
1256 2606 1573 2694 mediterraneis
1609 2612 1727 2727 aquis
1755 2573 1948 2726 frequens
1977 2618 2091 2722 avis,
2133 2647 2161 2703 e

467 2761 623 2882 'primis
664 2759 871 2878 aquaticis
913 2759 986 2872 (in
1027 2759 1275 2846 australibus
1316 2767 1400 2872 jam
1441 2764 1517 2846 sub
1546 2765 1672 2848 finem
1701 2763 1920 2848 Februarii
1946 2768 2017 2852 vel
2045 2791 2161 2854 certe

472 2914 658 3028 Martio)
687 2913 824 3030 glacie
851 2914 1040 2998 nondum
1068 2891 1223 3016 soluta,
1253 2912 1466 2998 foeminae
1495 2914 1667 3029 quidem
1694 2915 1875 3032 priores,
1916 2920 2163 3026 adventant,

471 3069 585 3152 unde
600 3065 742 3182 Belgis
763 3068 958 3184 Weuwtja
987 3063 1156 3178 (vidua)
1187 3065 1434 3180 appellatur.
1491 3065 1633 3152 Facile
1662 3066 1922 3182 dignoscitur
1948 3099 1973 3154 e
2001 3069 2161 3156 tinnitu

472 3248 602 3335 quem
642 3217 756 3306 inter
796 3219 1025 3304 rolandum
1067 3215 1143 3302 alis
1186 3215 1387 3340 continuo
1428 3214 1555 3300 iterat
1581 3237 1624 3301 et
1651 3241 1821 3335 propter
1863 3185 1989 3333 ¹quern
2016 3221 2161 3336 Belgis

472 3370 605 3456 etiam
632 3373 868 3482 Belduylaer
894 3361 1115 3452 vocitatur.
1186 3365 1543 3452 Piaculentissima
1581 3367 1686 3472 avis,
1743 3370 1873 3456 etiam
1902 3371 2046 3458 Rossis
2072 3405 2162 3460 non

471 3519 599 3605 facile
629 3519 788 3626 edulia,
840 3515 915 3634 qui
940 3517 1199 3633 pisculentas
1228 3543 1370 3604 anates
1397 3550 1484 3606 non
1511 3543 1724 3638 respuunt.
1778 3523 2004 3612 Nidulatur
2031 3553 2160 3642 saepe

470 3667 518 3757 in
546 3671 671 3758 celsis
701 3670 915 3758 arboribus
943 3669 1060 3756 etin
1088 3671 1247 3756 truncis
1276 3671 1406 3758 cavis.

606 3826 776 3912 Descr.
836 3825 934 3908 Mas
959 3821 1100 3908 senior
1127 3821 1450 3938 pulcherrimus.
1506 3827 1698 3916 Rostrum
1724 3828 1919 3936 crassius,
1955 3860 2082 3946 quam
2108 3829 2159 3918 iu

466 3976 793 4092 congeneribus‚
843 3973 1058 4088 magisque
1087 3973 1304 4080 conicum,
1356 3981 1671 4087 coerulescens,
1719 4011 1856 4096 ungue
1884 4003 1929 4066 et
1954 3982 2158 4070 inferiore

462 4127 645 4216 maxilla
678 4127 821 4244 nigris.
879 4128 1040 4244 Corpus
1068 4124 1168 4212 nive
1196 4127 1430 4216 candidius.
1487 4134 1601 4221 Areu
1627 4093 1824 4251 utrinque
1851 4135 2006 4242 ovalis,
2049 4161 2158 4224 atro·

465 4277 680 4388 viridans,
736 4277 848 4364 inter
874 4297 1053 4364 rostrum
1082 4301 1128 4364 et
1154 4280 1313 4366 oculos.
1381 4285 1530 4370 Nuclra
1557 4285 1738 4372 cristulis
1773 4287 2157 4402 longitudinalibur

463 4429 706 4518 tricarinata
719 4493 734 4532 ,
789 4429 1033 4516 lateralibus
1062 4430 1306 4535 subauritis,
1364 4423 1586 4550 interjecta
1621 4437 1757 4524 cristis
1782 4441 1957 4526 fasciola
1983 4439 2157 4556 gemina

463 4581 660 4698 obliqua,
704 4605 793 4670 atro
809 4633 822 4648 ·
837 4581 1063 4668 viridante.
1119 4586 1300 4671 Dorsum
1328 4585 1539 4703 binaeque
1567 4588 1754 4704 virgatae
1787 4594 1997 4697 maculae,
2038 4599 2153 4708 jugu-

462 4731 552 4818 lum
580 4733 942 4838 semiambientes,
971 4733 1129 4848 nigrae.
1191 4741 1478 4856 Uropygr'um,
1506 4743 1724 4858 caudaque
1752 4746 2152 4848 cano-fuscescunr,

458 4907 508 4970 ut
533 4907 579 4972 et
604 4885 787 5004 remiges
812 4883 1005 4976 intimae.
1061 4891 1269 4980 Rectrices
1305 4907 1381 4992 ι6,·
1435 4895 1522 4990 Ata
1548 4904 1690 5010 spuria
1715 4895 1837 5014 nigro
1851 4897 2002 5000 -alba3
2043 4901 2153 4984 Arae
