4696 6054
983 417 1132 472 ==
1811 425 1905 508 ²19

438 621 484 721 β.
513 615 798 706 Domesticos:
825 619 964 706 Anser
991 613 1205 705 abinensis
1234 617 1388 708 Priscu.
1418 651 1485 708 av.
1513 639 1545 714 t.
1567 635 1655 714 153.
1682 643 1816 711 rostro
1842 623 1910 712 ni·

494 799 569 886 gro
595 793 640 858 et
666 793 695 856 t.
731 785 820 877 154..
848 793 982 862 rostro
1010 773 1151 859 rubro.
1189 775 1331 860 Albin.
1361 777 1496 860 av.ll.
1513 809 1554 892 p.
1573 779 1908 888 83.tab.91.92.

287 961 293 974 ·
432 930 571 1012 Anser
598 923 867 1042 guineensis‚
901 927 1066 1036 Bnffon.
1098 957 1181 1012 om.
1211 931 1286 1012 IX.
1316 961 1358 1047 p.
1389 963 1456 1042 72.
1486 929 1570 1016 tob.
1603 941 1642 1019 δ’.
1684 931 1907 1022 D‘aubaa.

491 1088 591 1198 piet.
620 1111 659 1166 n.
688 1093 786 1190 374.

324 1233 469 1322 Rossis
520 1231 941 1320 transbai'calensibus
973 1227 1188 1321 'sactonos
1232 1234 1601 1350 (macri-rostra);
1673 1235 1907 1324 domestica

378 1385 536 1502 ubique
566 1385 722 1472 dicitur
747 1389 953 1472 Kitaislroi
982 1389 1068 1472 Gus
1097 1390 1254 1495 (Anser
1281 1386 1518 1503 chimensis)

326 1537 541 1654 Mongolis
568 1543 788 1654 Clongdr·
803 1541 937 1628 Gblun
966 1540 1184 1653 (Cygneus
1213 1550 1377 1654 anser),
1427 1539 1683 1630 domesticus
1710 1545 1907 1660 Mangat·

380 1694 490 1792 uate
519 1689 786 1805 (daemonius
814 1722 937 1778 anser
965 1691 1035 1778 vel
1060 1696 1197 1778 Anser
1225 1697 1482 1808 Spectrum.)
1682 1717 1687 1726 '

351 1849 402 1930 In
430 1843 589 1932 Sibiria
627 1844 875 1962 praesertim
918 1843 1031 1933 circa
1072 1850 1230 1932 Lacum
1259 1844 1473 1952 Baicales,
1518 1870 1564 1936 et
1588 1847 1634 1936 in
1662 1850 1904 1967 regionibus

211 1995 323 2084 ultra
348 2026 447 2084 eum
474 1996 578 2102 sitis,
608 1999 824 2084 interdum
852 1997 983 2084 etiam
1010 1998 1106 2083 lacu
1132 1996 1338 2086 Telezkoi
1366 2021 1410 2084 et
1435 2001 1576 2116 parvis
1603 2033 1745 2090 versus
1760 2007 1906 2094 Obum

211 2150 493 2238 defluentibus
520 2149 661 2258 fluviis
689 2150 900 2238 montium
932 2150 1219 2258 Alta'r‘carum,
1240 2183 1281 2238 v.
1311 2181 1371 2267 gr.
1406 2153 1669 2269 Tscharysclr
1695 2178 1741 2242 et
1767 2159 1909 2244 Kolsa·

207 2335 313 2408 sun,
357 2304 637 2391 observatur..
684 2303 929 2422 specimina
957 2307 1034 2390 sub
1062 2304 1198 2391 oculis
1227 2303 1357 2390 habui
1387 2334 1411 2389 e
1444 2306 1778 2396 canusinatis
1808 2331 1907 2396 ete

211 2453 510 2545 Camtschatca
544 2456 679 2544 missa.
748 2455 861 2543 lulio
895 2457 942 2546 in
969 2456 1144 2552 ¹Ba‘t‘eale
1181 2457 1275 2541 lacu
1303 2486 1401 2542 oum
1426 2458 1556 2575 pullis
1587 2485 1804 2549 natantem
1818 2463 1907 2558 ¹ob·

209 2609 390 2697 servavi.
462 2611 605 2698 Primo
641 2640 740 2696 vere
775 2641 830 2696 ex
865 2632 1003 2696 austro
1049 2608 1246 2712 advolat,
1297 2607 1427 2726 inque
1469 2613 1643 2698 lacubus
1671 2612 1765 2699 istis
1807 2636 1901 2702 tota

209 2787 370 2852 aestate
406 2764 622 2865 occurrit,
667 2763 743 2850 ubi
783 2795 878 2858 cum
908 2762 1036 2882 pullis
1050 2769 1075 2868 ,'
1104 2762 1400 2878 tempestuosis
1428 2763 1533 2851 licet
1558 2764 1683 2852 undis
1709 2764 1903 2856 innatare

207 2919 381 3032 gaudet.
404 2931 417 2998 “.
446 2917 632 3006 Videtur
670 2917 717 3004 in
758 2917 900 3006 China
939 2917 1009 3002 vel
1050 2913 1163 3001 circa
1196 2913 1419 3030 Japoniam
1460 2914 1700 3032 hybernare
1739 2941 1783 3005 et
1809 2917 1902 3010 sine

207 3069 342 3159 dubio
381 3071 536 3158 Anseri
575 3070 791 3188 Cygneidi
830 3067 1065 3157 domestico
1104 3095 1183 3185 per
1221 3097 1393 3154 omnem
1422 3069 1710 3156 australiorem
1738 3069 1902 3180 Asiam,

206 3251 340 3340 usque
367 3223 414 3312 in
440 3224 627 3312 Persiam
656 3223 821 3341 vulgari
848 3221 1020 3308 atinde
1049 3219 1242 3308 Rossiam
1271 3249 1439 3338 quoque
1466 3220 1733 3329 introducto,
1772 3223 1905 3340 origi·
1974 3321 1977 3328 Δ

209 3405 311 3460 nem
352 3378 498 3486 dedit,
539 3412 625 3469 non
669 3403 813 3466 tamen
853 3375 943 3462 sine
982 3371 1220 3492 suspicione
1258 3369 1467 3490 hybridae
1495 3375 1777 3491 generationis
1804 3407 1954 3465 cum--

211 3529 363 3646 Cygno
391 3533 498 3618 forte
527 3557 745 3620 mansueto
771 3561 845 3618 seu
872 3527 1014 3616 sibilo.

345 3686 521 3772 Descr.
577 3691 857 3807 Spontaneae,
899 3713 1026 3800 quam
1067 3687 1196 3768 Icone
1237 3677 1450 3798 expressis
1504 3681 1751 3800 magnitudo
1791 3681 1903 3770 infra

209 3835 476 3926 domesticas.
546 3846 743 3930 Rostrum
779 3840 969 3956 nigrum,
1025 3836 1202 3951 Cygneo
1244 3832 1410 3939 simile,
1466 3835 1736 3920 extremitate
1764 3835 1903 3924 minus

207 3987 318 4092 lata,
360 4021 498 4106 ungue
526 3994 652 4082 latius
681 4023 899 4098 convexa,
941 3986 1224 4106 politissimo,
1267 3985 1456 4099 margine
1484 3987 1712 4073 crenulatb.
1783 3987 1900 4074 Basia

208 4141 334 4230 rostri
363 4175 505 4232 versus
533 4148 716 4234 frontem
746 4145 1027 4250 adscendens,
1086 4167 1276 4227 connexe
1305 4137 1571 4254 biangulata,
1623 4138 1901 4256 planiuscula,

209 4325 291 4382 nec
318 4295 365 4382 in
391 4299 566 4413 gibbum
593 4301 895 4419 protuberans,
949 4320 1047 4384 cute
1075 4295 1300 4407 subrugosa
1335 4291 1537 4393 vestitum
1593 4314 1748 4376 struma
1776 4292 1899 4407 gulas

207 4447 340 4536 nulla.
410 4455 563 4569 Margo
596 4457 841 4572 plumaceus
873 4448 989 4538 circa
1012 4447 1133 4537 basin
1162 4446 1363 4534 maxillae
1391 4443 1618 4561 superioris
1644 4444 1902 4559 ferrugineo·

209 4601 350 4700 album
378 4602 483 4692 hinc
510 4610 657 4694 umbra
683 4605 815 4723 usque
844 4635 984 4692 versus
1011 4601 1156 4691 oculos
1185 4621 1228 4686 et
1256 4628 1334 4716 per
1358 4595 1571 4714 parotides
1594 4598 1748 4684 diffusa
1778 4618 1902 4684 testa·

208 4785 488 4874 ceo-grysea.
559 4768 722 4848 Vertex
758 4791 856 4848 cum
875 4764 1016 4871 fascia
1043 4785 1121 4870 per
1146 4753 1357 4842 cervicem
1388 4749 1903 4864 longitudinalitestaceo
1987 4856 1991 4866 .

208 4910 349 5016 lusca,
390 4922 546 5004 collum
572 4915 726 5002 album.
782 4917 965 5002 Dorsum
992 4908 1163 4996 cinereo
1177 4959 1190 4974 ·
1205 4907 1442 4994 luscescens
1453 4963 1467 5004 ,
1496 4903 1735 5020 plumarum
1761 4901 1907 4994 limbis

1439 5070 1460 5114 Β
