<?xml version="1.0" encoding="UTF-8"?>
<!DOCTYPE html PUBLIC "-//W3C//DTD XHTML 1.0 Transitional//EN"
    "http://www.w3.org/TR/xhtml1/DTD/xhtml1-transitional.dtd">
<html xmlns="http://www.w3.org/1999/xhtml" xml:lang="en" lang="en">
 <head>
  <title>
</title>
<meta http-equiv="Content-Type" content="text/html;charset=utf-8" />
  <meta name='ocr-system' content='tesseract 3.04.00' />
  <meta name='ocr-capabilities' content='ocr_page ocr_carea ocr_par ocr_line ocrx_word'/>
</head>
<body>
  <div class='ocr_page' id='page_1' title='image "./zoographiarosso02pallgoog_0393.png"; bbox 0 0 4778 6044; ppageno 0'>
   <div class='ocr_carea' id='block_1_1' title="bbox 968 667 1711 784">
    <p class='ocr_par' dir='ltr' id='par_1_1' title="bbox 968 667 1711 784">
     <span class='ocr_line' id='line_1_1' title="bbox 968 667 1711 784; baseline -0.012 -6"><span class='ocrx_word' id='word_1_1' title='bbox 968 668 1123 784; x_wconf 84' lang='lat' dir='ltr'><strong>LXV·</strong></span> <span class='ocrx_word' id='word_1_2' title='bbox 1199 667 1711 784; x_wconf 86' lang='lat' dir='ltr'><strong>COLYMBI.</strong></span> 
     </span>
    </p>
   </div>
   <div class='ocr_carea' id='block_1_2' title="bbox 1190 933 1500 957">
    <p class='ocr_par' dir='ltr' id='par_1_2' title="bbox 1190 933 1500 957">
     <span class='ocr_line' id='line_1_2' title="bbox 1190 933 1500 957; baseline 0.003 -3"><span class='ocrx_word' id='word_1_3' title='bbox 1190 933 1500 957; x_wconf 58' lang='lat' dir='ltr'><em>m</em></span> 
     </span>
    </p>
   </div>
   <div class='ocr_carea' id='block_1_3' title="bbox 483 1125 2181 4761">
    <p class='ocr_par' dir='ltr' id='par_1_3' title="bbox 483 1125 2181 4761">
     <span class='ocr_line' id='line_1_3' title="bbox 632 1125 2172 1246; baseline -0.001 -28"><span class='ocrx_word' id='word_1_4' title='bbox 632 1131 724 1219; x_wconf 84' lang='lat' dir='ltr'><strong>Soli</strong></span> <span class='ocrx_word' id='word_1_5' title='bbox 763 1133 809 1218; x_wconf 93' lang='lat' dir='ltr'><strong>in</strong></span> <span class='ocrx_word' id='word_1_6' title='bbox 848 1153 938 1218; x_wconf 85' lang='lat' dir='ltr'><strong>tota</strong></span> <span class='ocrx_word' id='word_1_7' title='bbox 980 1132 1113 1216; x_wconf 89' lang='lat' dir='ltr'><strong>classe</strong></span> <span class='ocrx_word' id='word_1_8' title='bbox 1148 1125 1386 1216; x_wconf 80' lang='lat' dir='ltr'><strong>volatilium</strong></span> <span class='ocrx_word' id='word_1_9' title='bbox 1425 1129 1627 1246; x_wconf 87' lang='lat' dir='ltr'><strong>Colymbi</strong></span> <span class='ocrx_word' id='word_1_10' title='bbox 1656 1125 1903 1216; x_wconf 80' lang='lat' dir='ltr'><strong>naturaliter</strong></span> <span class='ocrx_word' id='word_1_11' title='bbox 1929 1131 2065 1216; x_wconf 79' lang='lat' dir='ltr'><strong>conclu</strong></span> <span class='ocrx_word' id='word_1_12' title='bbox 2091 1157 2172 1216; x_wconf 84' lang='lat' dir='ltr'><strong>uro·</strong></span> 
     </span>
     <span class='ocr_line' id='line_1_4' title="bbox 489 1283 2170 1405; baseline -0.005 -33"><span class='ocrx_word' id='word_1_13' title='bbox 489 1293 710 1405; x_wconf 79' lang='lat' dir='ltr'><strong>pygioque</strong></span> <span class='ocrx_word' id='word_1_14' title='bbox 737 1307 892 1372; x_wconf 87' lang='lat' dir='ltr'><strong>carent.</strong></span> <span class='ocrx_word' id='word_1_15' title='bbox 949 1285 1105 1370; x_wconf 81' lang='lat' dir='ltr'><strong>Pedum</strong></span> <span class='ocrx_word' id='word_1_16' title='bbox 1135 1307 1302 1400; x_wconf 89' lang='lat' dir='ltr'><strong>quoque</strong></span> <span class='ocrx_word' id='word_1_17' title='bbox 1331 1283 1684 1384; x_wconf 81' lang='lat' dir='ltr'><strong>conformatione,</strong></span> <span class='ocrx_word' id='word_1_18' title='bbox 1742 1285 1965 1398; x_wconf 74' lang='lat' dir='ltr'><em>digitorum</em></span> <span class='ocrx_word' id='word_1_19' title='bbox 1998 1310 2170 1400; x_wconf 87' lang='lat' dir='ltr'><strong>praeser-</strong></span> 
     </span>
     <span class='ocr_line' id='line_1_5' title="bbox 490 1433 2174 1552; baseline -0.005 -26"><span class='ocrx_word' id='word_1_20' title='bbox 490 1439 574 1526; x_wconf 81' lang='lat' dir='ltr'><strong>tim</strong></span> <span class='ocrx_word' id='word_1_21' title='bbox 603 1439 649 1524; x_wconf 93' lang='lat' dir='ltr'><strong>in</strong></span> <span class='ocrx_word' id='word_1_22' title='bbox 678 1439 898 1525; x_wconf 86' lang='lat' dir='ltr'><strong>distinctas</strong></span> <span class='ocrx_word' id='word_1_23' title='bbox 935 1437 1078 1523; x_wconf 80' lang='lat' dir='ltr'><strong>orales</strong></span> <span class='ocrx_word' id='word_1_24' title='bbox 1112 1435 1290 1520; x_wconf 89' lang='lat' dir='ltr'><strong>laminas</strong></span> <span class='ocrx_word' id='word_1_25' title='bbox 1328 1435 1619 1542; x_wconf 86' lang='lat' dir='ltr'><strong>dilatatorum,</strong></span> <span class='ocrx_word' id='word_1_26' title='bbox 1676 1436 1877 1552; x_wconf 90' lang='lat' dir='ltr'><strong>tibiisque</strong></span> <span class='ocrx_word' id='word_1_27' title='bbox 1904 1459 1947 1522; x_wconf 87' lang='lat' dir='ltr'><strong>et</strong></span> <span class='ocrx_word' id='word_1_28' title='bbox 1974 1433 2174 1550; x_wconf 85' lang='lat' dir='ltr'><strong>unguibus</strong></span> 
     </span>
     <span class='ocr_line' id='line_1_6' title="bbox 491 1582 2172 1708; baseline -0.005 -30"><span class='ocrx_word' id='word_1_29' title='bbox 491 1591 662 1678; x_wconf 85' lang='lat' dir='ltr'><strong>serratis</strong></span> <span class='ocrx_word' id='word_1_30' title='bbox 700 1621 823 1708; x_wconf 90' lang='lat' dir='ltr'><strong>pares</strong></span> <span class='ocrx_word' id='word_1_31' title='bbox 864 1621 949 1676; x_wconf 92' lang='lat' dir='ltr'><strong>non</strong></span> <span class='ocrx_word' id='word_1_32' title='bbox 991 1587 1177 1692; x_wconf 83' lang='lat' dir='ltr'><strong>habent3</strong></span> <span class='ocrx_word' id='word_1_33' title='bbox 1221 1611 1265 1674; x_wconf 91' lang='lat' dir='ltr'><strong>et</strong></span> <span class='ocrx_word' id='word_1_34' title='bbox 1307 1588 1412 1674; x_wconf 85' lang='lat' dir='ltr'><strong>licet</strong></span> <span class='ocrx_word' id='word_1_35' title='bbox 1452 1590 1705 1702; x_wconf 87' lang='lat' dir='ltr'><strong>subanaloga</strong></span> <span class='ocrx_word' id='word_1_36' title='bbox 1745 1587 1937 1674; x_wconf 88' lang='lat' dir='ltr'><strong>obtineat</strong></span> <span class='ocrx_word' id='word_1_37' title='bbox 1980 1587 2025 1672; x_wconf 91' lang='lat' dir='ltr'><strong>in</strong></span> <span class='ocrx_word' id='word_1_38' title='bbox 2066 1582 2172 1672; x_wconf 88' lang='lat' dir='ltr'><strong>Fuli·</strong></span> 
     </span>
     <span class='ocr_line' id='line_1_7' title="bbox 490 1737 2175 1860; baseline -0.007 -28"><span class='ocrx_word' id='word_1_39' title='bbox 490 1742 554 1832; x_wconf 88' lang='lat' dir='ltr'><strong>eis</strong></span> <span class='ocrx_word' id='word_1_40' title='bbox 581 1767 625 1831; x_wconf 90' lang='lat' dir='ltr'><strong>et</strong></span> <span class='ocrx_word' id='word_1_41' title='bbox 653 1741 898 1860; x_wconf 86' lang='lat' dir='ltr'><strong>Phalaropis</strong></span> <span class='ocrx_word' id='word_1_42' title='bbox 940 1745 1073 1827; x_wconf 82' lang='lat' dir='ltr'><strong>forma</strong></span> <span class='ocrx_word' id='word_1_43' title='bbox 1112 1745 1293 1858; x_wconf 88' lang='lat' dir='ltr'><strong>pedum,</strong></span> <span class='ocrx_word' id='word_1_44' title='bbox 1337 1765 1479 1828; x_wconf 89' lang='lat' dir='ltr'><strong>tamen</strong></span> <span class='ocrx_word' id='word_1_45' title='bbox 1508 1740 1577 1828; x_wconf 87' lang='lat' dir='ltr'><strong>his</strong></span> <span class='ocrx_word' id='word_1_46' title='bbox 1605 1741 1861 1827; x_wconf 82' lang='lat' dir='ltr'><strong>articulatim</strong></span> <span class='ocrx_word' id='word_1_47' title='bbox 1893 1740 2026 1827; x_wconf 86' lang='lat' dir='ltr'><strong>lobati</strong></span> <span class='ocrx_word' id='word_1_48' title='bbox 2053 1737 2175 1854; x_wconf 85' lang='lat' dir='ltr'><strong>digiti</strong></span> 
     </span>
     <span class='ocr_line' id='line_1_8' title="bbox 490 1894 2175 2012; baseline -0.005 -28"><span class='ocrx_word' id='word_1_49' title='bbox 490 1896 591 1984; x_wconf 83' lang='lat' dir='ltr'><strong>satis</strong></span> <span class='ocrx_word' id='word_1_50' title='bbox 619 1896 836 1983; x_wconf 78' lang='lat' dir='ltr'><strong>differunt.</strong></span> <span class='ocrx_word' id='word_1_51' title='bbox 907 1903 1037 1982; x_wconf 86' lang='lat' dir='ltr'><strong>Extra</strong></span> <span class='ocrx_word' id='word_1_52' title='bbox 1067 1925 1215 2008; x_wconf 85' lang='lat' dir='ltr'><strong>aquam</strong></span> <span class='ocrx_word' id='word_1_53' title='bbox 1245 1895 1446 2008; x_wconf 89' lang='lat' dir='ltr'><strong>Colymbi</strong></span> <span class='ocrx_word' id='word_1_54' title='bbox 1473 1925 1641 2000; x_wconf 88' lang='lat' dir='ltr'><strong>omnes,</strong></span> <span class='ocrx_word' id='word_1_55' title='bbox 1685 1898 1741 1981; x_wconf 91' lang='lat' dir='ltr'><strong>ob</strong></span> <span class='ocrx_word' id='word_1_56' title='bbox 1769 1894 1895 1980; x_wconf 90' lang='lat' dir='ltr'><strong>situm</strong></span> <span class='ocrx_word' id='word_1_57' title='bbox 1923 1896 2074 2012; x_wconf 81' lang='lat' dir='ltr'><strong>pedum</strong></span> <span class='ocrx_word' id='word_1_58' title='bbox 2100 1919 2175 1977; x_wconf 92' lang='lat' dir='ltr'><strong>ano</strong></span> 
     </span>
     <span class='ocr_line' id='line_1_9' title="bbox 488 2046 2175 2166; baseline -0.002 -34"><span class='ocrx_word' id='word_1_59' title='bbox 488 2052 731 2166; x_wconf 86' lang='lat' dir='ltr'><strong>proximum</strong></span> <span class='ocrx_word' id='word_1_60' title='bbox 758 2071 803 2134; x_wconf 94' lang='lat' dir='ltr'><strong>et</strong></span> <span class='ocrx_word' id='word_1_61' title='bbox 829 2048 1035 2136; x_wconf 86' lang='lat' dir='ltr'><strong>femorum</strong></span> <span class='ocrx_word' id='word_1_62' title='bbox 1065 2049 1177 2164; x_wconf 84' lang='lat' dir='ltr'><strong>pelle</strong></span> <span class='ocrx_word' id='word_1_63' title='bbox 1206 2046 1428 2132; x_wconf 89' lang='lat' dir='ltr'><strong>latentium</strong></span> <span class='ocrx_word' id='word_1_64' title='bbox 1459 2048 1763 2164; x_wconf 85' lang='lat' dir='ltr'><strong>captivitatem,</strong></span> <span class='ocrx_word' id='word_1_65' title='bbox 1792 2048 1838 2134; x_wconf 91' lang='lat' dir='ltr'><strong>in</strong></span> <span class='ocrx_word' id='word_1_66' title='bbox 1867 2071 2059 2161; x_wconf 83' lang='lat' dir='ltr'><strong>ventrem</strong></span> <span class='ocrx_word' id='word_1_67' title='bbox 2087 2075 2175 2162; x_wconf 91' lang='lat' dir='ltr'><strong>pro·</strong></span> 
     </span>
     <span class='ocr_line' id='line_1_10' title="bbox 489 2197 2174 2315; baseline -0.002 -29"><span class='ocrx_word' id='word_1_68' title='bbox 489 2203 716 2308; x_wconf 86' lang='lat' dir='ltr'><strong>cumbunt,</strong></span> <span class='ocrx_word' id='word_1_69' title='bbox 758 2231 838 2288; x_wconf 90' lang='lat' dir='ltr'><strong>nec</strong></span> <span class='ocrx_word' id='word_1_70' title='bbox 879 2201 963 2287; x_wconf 89' lang='lat' dir='ltr'><strong>nisi</strong></span> <span class='ocrx_word' id='word_1_71' title='bbox 1001 2201 1244 2306; x_wconf 87' lang='lat' dir='ltr'><strong>difficulter,</strong></span> <span class='ocrx_word' id='word_1_72' title='bbox 1290 2221 1335 2284; x_wconf 88' lang='lat' dir='ltr'><strong>et</strong></span> <span class='ocrx_word' id='word_1_73' title='bbox 1371 2197 1518 2315; x_wconf 90' lang='lat' dir='ltr'><strong>inepte</strong></span> <span class='ocrx_word' id='word_1_74' title='bbox 1559 2200 1605 2284; x_wconf 94' lang='lat' dir='ltr'><strong>in</strong></span> <span class='ocrx_word' id='word_1_75' title='bbox 1646 2201 1819 2286; x_wconf 88' lang='lat' dir='ltr'><strong>crissum</strong></span> <span class='ocrx_word' id='word_1_76' title='bbox 1860 2197 1992 2286; x_wconf 90' lang='lat' dir='ltr'><strong>erecti</strong></span> <span class='ocrx_word' id='word_1_77' title='bbox 2028 2220 2075 2284; x_wconf 90' lang='lat' dir='ltr'><strong>et</strong></span> <span class='ocrx_word' id='word_1_78' title='bbox 2102 2197 2174 2282; x_wconf 84' lang='lat' dir='ltr'><strong>alis</strong></span> 
     </span>
     <span class='ocr_line' id='line_1_11' title="bbox 491 2349 2175 2471; baseline -0.002 -33"><span class='ocrx_word' id='word_1_79' title='bbox 491 2351 627 2466; x_wconf 80' lang='lat' dir='ltr'><strong>adjuti</strong></span> <span class='ocrx_word' id='word_1_80' title='bbox 655 2385 819 2441; x_wconf 88' lang='lat' dir='ltr'><strong>currere</strong></span> <span class='ocrx_word' id='word_1_81' title='bbox 847 2377 1031 2471; x_wconf 80' lang='lat' dir='ltr'><strong>possunt.</strong></span> <span class='ocrx_word' id='word_1_82' title='bbox 1081 2359 1319 2438; x_wconf 85' lang='lat' dir='ltr'><strong>Vescuntur</strong></span> <span class='ocrx_word' id='word_1_83' title='bbox 1340 2383 1485 2436; x_wconf 91' lang='lat' dir='ltr'><strong>omnes</strong></span> <span class='ocrx_word' id='word_1_84' title='bbox 1505 2351 1734 2468; x_wconf 85' lang='lat' dir='ltr'><strong>pisciculis,</strong></span> <span class='ocrx_word' id='word_1_85' title='bbox 1763 2377 1806 2439; x_wconf 90' lang='lat' dir='ltr'><strong>et</strong></span> <span class='ocrx_word' id='word_1_86' title='bbox 1833 2383 1977 2438; x_wconf 88' lang='lat' dir='ltr'><strong>carnes</strong></span> <span class='ocrx_word' id='word_1_87' title='bbox 1994 2349 2175 2436; x_wconf 85' lang='lat' dir='ltr'><strong>maxime</strong></span> 
     </span>
     <span class='ocr_line' id='line_1_12' title="bbox 488 2501 2178 2622; baseline -0.002 -33"><span class='ocrx_word' id='word_1_88' title='bbox 488 2503 745 2622; x_wconf 88' lang='lat' dir='ltr'><strong>pisculentas</strong></span> <span class='ocrx_word' id='word_1_89' title='bbox 787 2505 962 2594; x_wconf 90' lang='lat' dir='ltr'><strong>habent.</strong></span> <span class='ocrx_word' id='word_1_90' title='bbox 1048 2509 1193 2592; x_wconf 84' lang='lat' dir='ltr'><strong>Rostro</strong></span> <span class='ocrx_word' id='word_1_91' title='bbox 1244 2501 1433 2622; x_wconf 89' lang='lat' dir='ltr'><strong>Cepphis</strong></span> <span class='ocrx_word' id='word_1_92' title='bbox 1475 2528 1569 2589; x_wconf 92' lang='lat' dir='ltr'><strong>sunt</strong></span> <span class='ocrx_word' id='word_1_93' title='bbox 1607 2503 1818 2592; x_wconf 86' lang='lat' dir='ltr'><strong>simillimi</strong></span> <span class='ocrx_word' id='word_1_94' title='bbox 1858 2528 1903 2591; x_wconf 90' lang='lat' dir='ltr'><strong>et</strong></span> <span class='ocrx_word' id='word_1_95' title='bbox 1941 2507 2178 2621; x_wconf 90' lang='lat' dir='ltr'><strong>plumarum</strong></span> 
     </span>
     <span class='ocr_line' id='line_1_13' title="bbox 488 2655 2178 2777; baseline -0.001 -35"><span class='ocrx_word' id='word_1_96' title='bbox 488 2678 636 2744; x_wconf 88' lang='lat' dir='ltr'><strong>natura</strong></span> <span class='ocrx_word' id='word_1_97' title='bbox 664 2661 718 2746; x_wconf 88' lang='lat' dir='ltr'><strong>ad</strong></span> <span class='ocrx_word' id='word_1_98' title='bbox 756 2659 993 2777; x_wconf 86' lang='lat' dir='ltr'><strong>aquaticam</strong></span> <span class='ocrx_word' id='word_1_99' title='bbox 1033 2659 1165 2744; x_wconf 84' lang='lat' dir='ltr'><strong>vitam</strong></span> <span class='ocrx_word' id='word_1_100' title='bbox 1201 2656 1525 2772; x_wconf 86' lang='lat' dir='ltr'><strong>aptissimarum.</strong></span> <span class='ocrx_word' id='word_1_101' title='bbox 1599 2656 1790 2744; x_wconf 86' lang='lat' dir='ltr'><strong>Rutheni</strong></span> <span class='ocrx_word' id='word_1_102' title='bbox 1826 2681 1950 2774; x_wconf 90' lang='lat' dir='ltr'><strong>atque</strong></span> <span class='ocrx_word' id='word_1_103' title='bbox 1978 2655 2178 2742; x_wconf 84' lang='lat' dir='ltr'><strong>Tatarie</strong></span> 
     </span>
     <span class='ocr_line' id='line_1_14' title="bbox 490 2806 2178 2929; baseline -0.004 -31"><span class='ocrx_word' id='word_1_104' title='bbox 490 2810 797 2927; x_wconf 86' lang='lat' dir='ltr'><strong>Colymborum</strong></span> <span class='ocrx_word' id='word_1_105' title='bbox 838 2813 979 2900; x_wconf 85' lang='lat' dir='ltr'><strong>volatu</strong></span> <span class='ocrx_word' id='word_1_106' title='bbox 1021 2814 1150 2928; x_wconf 85' lang='lat' dir='ltr'><strong>vulgo</strong></span> <span class='ocrx_word' id='word_1_107' title='bbox 1190 2832 1484 2926; x_wconf 85' lang='lat' dir='ltr'><strong>tempestatem</strong></span> <span class='ocrx_word' id='word_1_108' title='bbox 1526 2811 1815 2929; x_wconf 84' lang='lat' dir='ltr'><strong>praesagiunt:</strong></span> <span class='ocrx_word' id='word_1_109' title='bbox 1873 2840 1928 2894; x_wconf 88' lang='lat' dir='ltr'><strong>ex</strong></span> <span class='ocrx_word' id='word_1_110' title='bbox 1969 2839 2021 2894; x_wconf 90' lang='lat' dir='ltr'><strong>ea</strong></span> <span class='ocrx_word' id='word_1_111' title='bbox 2063 2806 2178 2896; x_wconf 92' lang='lat' dir='ltr'><strong>enim</strong></span> 
     </span>
     <span class='ocr_line' id='line_1_15' title="bbox 488 2959 2177 3083; baseline -0.004 -33"><span class='ocrx_word' id='word_1_112' title='bbox 488 2967 632 3082; x_wconf 84' lang='lat' dir='ltr'><strong>plaga,</strong></span> <span class='ocrx_word' id='word_1_113' title='bbox 664 2995 861 3083; x_wconf 91' lang='lat' dir='ltr'><strong>quorsum</strong></span> <span class='ocrx_word' id='word_1_114' title='bbox 888 2965 1032 3051; x_wconf 86' lang='lat' dir='ltr'><strong>volatu</strong></span> <span class='ocrx_word' id='word_1_115' title='bbox 1060 2967 1262 3068; x_wconf 89' lang='lat' dir='ltr'><strong>tendunt,</strong></span> <span class='ocrx_word' id='word_1_116' title='bbox 1306 2987 1454 3049; x_wconf 85' lang='lat' dir='ltr'><strong>ventos</strong></span> <span class='ocrx_word' id='word_1_117' title='bbox 1481 2963 1674 3080; x_wconf 84' lang='lat' dir='ltr'><strong>ingruere</strong></span> <span class='ocrx_word' id='word_1_118' title='bbox 1704 2969 1961 3052; x_wconf 88' lang='lat' dir='ltr'><strong>observatur.</strong></span> <span class='ocrx_word' id='word_1_119' title='bbox 2022 2959 2177 3050; x_wconf 88' lang='lat' dir='ltr'><strong>Certis·</strong></span> 
     </span>
     <span class='ocr_line' id='line_1_16' title="bbox 487 3116 2178 3235; baseline -0.004 -31"><span class='ocrx_word' id='word_1_120' title='bbox 487 3117 595 3204; x_wconf 84' lang='lat' dir='ltr'><strong>sima</strong></span> <span class='ocrx_word' id='word_1_121' title='bbox 623 3116 887 3235; x_wconf 86' lang='lat' dir='ltr'><strong>experientia</strong></span> <span class='ocrx_word' id='word_1_122' title='bbox 915 3138 958 3200; x_wconf 88' lang='lat' dir='ltr'><strong>et</strong></span> <span class='ocrx_word' id='word_1_123' title='bbox 985 3116 1075 3232; x_wconf 90' lang='lat' dir='ltr'><strong>ipse</strong></span> <span class='ocrx_word' id='word_1_124' title='bbox 1102 3117 1305 3232; x_wconf 88' lang='lat' dir='ltr'><strong>comperi,</strong></span> <span class='ocrx_word' id='word_1_125' title='bbox 1334 3124 1595 3232; x_wconf 85' lang='lat' dir='ltr'><strong>vespertinos</strong></span> <span class='ocrx_word' id='word_1_126' title='bbox 1623 3119 1826 3202; x_wconf 86' lang='lat' dir='ltr'><strong>clamores</strong></span> <span class='ocrx_word' id='word_1_127' title='bbox 1855 3116 2178 3230; x_wconf 87' lang='lat' dir='ltr'><strong>Colymborum,</strong></span> 
     </span>
     <span class='ocr_line' id='line_1_17' title="bbox 488 3265 2179 3385; baseline -0.002 -33"><span class='ocrx_word' id='word_1_128' title='bbox 488 3269 748 3374; x_wconf 87' lang='lat' dir='ltr'><strong>Fulicarum,</strong></span> <span class='ocrx_word' id='word_1_129' title='bbox 779 3271 1038 3385; x_wconf 85' lang='lat' dir='ltr'><strong>aliarumque</strong></span> <span class='ocrx_word' id='word_1_130' title='bbox 1068 3265 1373 3382; x_wconf 87' lang='lat' dir='ltr'><strong>aquaticarum,</strong></span> <span class='ocrx_word' id='word_1_131' title='bbox 1416 3299 1546 3355; x_wconf 86' lang='lat' dir='ltr'><strong>verno</strong></span> <span class='ocrx_word' id='word_1_132' title='bbox 1575 3291 1785 3384; x_wconf 91' lang='lat' dir='ltr'><strong>tempore,</strong></span> <span class='ocrx_word' id='word_1_133' title='bbox 1820 3293 2179 3385; x_wconf 89' lang='lat' dir='ltr'><strong>praetermorem</strong></span> 
     </span>
     <span class='ocr_line' id='line_1_18' title="bbox 485 3417 2181 3538; baseline -0.002 -32"><span class='ocrx_word' id='word_1_134' title='bbox 485 3419 867 3526; x_wconf 87' lang='lat' dir='ltr'><strong>increbrescentes,</strong></span> <span class='ocrx_word' id='word_1_135' title='bbox 908 3443 1005 3537; x_wconf 90' lang='lat' dir='ltr'><strong>post</strong></span> <span class='ocrx_word' id='word_1_136' title='bbox 1034 3447 1200 3504; x_wconf 87' lang='lat' dir='ltr'><strong>serenos</strong></span> <span class='ocrx_word' id='word_1_137' title='bbox 1230 3417 1320 3504; x_wconf 90' lang='lat' dir='ltr'><strong>dies</strong></span> <span class='ocrx_word' id='word_1_138' title='bbox 1346 3452 1435 3506; x_wconf 86' lang='lat' dir='ltr'><strong>sera</strong></span> <span class='ocrx_word' id='word_1_139' title='bbox 1465 3420 1641 3538; x_wconf 85' lang='lat' dir='ltr'><strong>frigora,</strong></span> <span class='ocrx_word' id='word_1_140' title='bbox 1672 3421 1760 3506; x_wconf 90' lang='lat' dir='ltr'><strong>imo</strong></span> <span class='ocrx_word' id='word_1_141' title='bbox 1789 3421 1908 3506; x_wconf 81' lang='lat' dir='ltr'><strong>nives</strong></span> <span class='ocrx_word' id='word_1_142' title='bbox 1936 3445 1981 3506; x_wconf 87' lang='lat' dir='ltr'><strong>et</strong></span> <span class='ocrx_word' id='word_1_143' title='bbox 2014 3419 2181 3538; x_wconf 90' lang='lat' dir='ltr'><strong>procel·</strong></span> 
     </span>
     <span class='ocr_line' id='line_1_19' title="bbox 487 3564 2181 3690; baseline -0.002 -33"><span class='ocrx_word' id='word_1_144' title='bbox 487 3571 549 3658; x_wconf 86' lang='lat' dir='ltr'><strong>las</strong></span> <span class='ocrx_word' id='word_1_145' title='bbox 590 3575 844 3690; x_wconf 89' lang='lat' dir='ltr'><strong>portendere</strong></span> <span class='ocrx_word' id='word_1_146' title='bbox 888 3571 934 3656; x_wconf 91' lang='lat' dir='ltr'><strong>in</strong></span> <span class='ocrx_word' id='word_1_147' title='bbox 980 3569 1221 3658; x_wconf 88' lang='lat' dir='ltr'><strong>crastinum.</strong></span> <span class='ocrx_word' id='word_1_148' title='bbox 1304 3581 1520 3662; x_wconf 84' lang='lat' dir='ltr'><strong>Autumno</strong></span> <span class='ocrx_word' id='word_1_149' title='bbox 1569 3604 1663 3660; x_wconf 91' lang='lat' dir='ltr'><strong>sero</strong></span> <span class='ocrx_word' id='word_1_150' title='bbox 1704 3564 1932 3688; x_wconf 76' lang='lat' dir='ltr'><strong>migrantes</strong></span> <span class='ocrx_word' id='word_1_151' title='bbox 1972 3567 2181 3689; x_wconf 85' lang='lat' dir='ltr'><strong>Colymbi</strong></span> 
     </span>
     <span class='ocr_line' id='line_1_20' title="bbox 487 3721 2178 3842; baseline -0.001 -32"><span class='ocrx_word' id='word_1_152' title='bbox 487 3721 659 3840; x_wconf 84' lang='lat' dir='ltr'><strong>hyemis</strong></span> <span class='ocrx_word' id='word_1_153' title='bbox 688 3725 957 3810; x_wconf 86' lang='lat' dir='ltr'><strong>confirmatae</strong></span> <span class='ocrx_word' id='word_1_154' title='bbox 985 3724 1150 3842; x_wconf 87' lang='lat' dir='ltr'><strong>signum</strong></span> <span class='ocrx_word' id='word_1_155' title='bbox 1178 3727 1425 3842; x_wconf 88' lang='lat' dir='ltr'><strong>plerumque</strong></span> <span class='ocrx_word' id='word_1_156' title='bbox 1464 3729 1637 3814; x_wconf 88' lang='lat' dir='ltr'><strong>dabunt.</strong></span> <span class='ocrx_word' id='word_1_157' title='bbox 1705 3725 2010 3810; x_wconf 90' lang='lat' dir='ltr'><strong>Vivacissimae</strong></span> <span class='ocrx_word' id='word_1_158' title='bbox 2041 3747 2178 3812; x_wconf 90' lang='lat' dir='ltr'><strong>caete-</strong></span> 
     </span>
     <span class='ocr_line' id='line_1_21' title="bbox 485 3877 2179 3996; baseline -0.001 -34"><span class='ocrx_word' id='word_1_159' title='bbox 485 3907 603 3978; x_wconf 88' lang='lat' dir='ltr'><strong>rum,</strong></span> <span class='ocrx_word' id='word_1_160' title='bbox 641 3906 740 3962; x_wconf 91' lang='lat' dir='ltr'><strong>cum</strong></span> <span class='ocrx_word' id='word_1_161' title='bbox 781 3877 992 3994; x_wconf 90' lang='lat' dir='ltr'><strong>Cepphis,</strong></span> <span class='ocrx_word' id='word_1_162' title='bbox 1036 3899 1133 3962; x_wconf 89' lang='lat' dir='ltr'><strong>sunt</strong></span> <span class='ocrx_word' id='word_1_163' title='bbox 1172 3908 1291 3980; x_wconf 79' lang='lat' dir='ltr'><strong>aves,</strong></span> <span class='ocrx_word' id='word_1_164' title='bbox 1329 3911 1439 3994; x_wconf 86' lang='lat' dir='ltr'><strong>quae</strong></span> <span class='ocrx_word' id='word_1_165' title='bbox 1483 3881 1625 3966; x_wconf 86' lang='lat' dir='ltr'><strong>multis</strong></span> <span class='ocrx_word' id='word_1_166' title='bbox 1663 3907 1788 3996; x_wconf 88' lang='lat' dir='ltr'><strong>saepe</strong></span> <span class='ocrx_word' id='word_1_167' title='bbox 1817 3877 2066 3964; x_wconf 88' lang='lat' dir='ltr'><strong>vulneribns</strong></span> <span class='ocrx_word' id='word_1_168' title='bbox 2095 3907 2179 3962; x_wconf 94' lang='lat' dir='ltr'><strong>non</strong></span> 
     </span>
     <span class='ocr_line' id='line_1_22' title="bbox 483 4031 2181 4148; baseline -0.001 -34"><span class='ocrx_word' id='word_1_169' title='bbox 483 4032 760 4135; x_wconf 89' lang='lat' dir='ltr'><strong>occumbunt,</strong></span> <span class='ocrx_word' id='word_1_170' title='bbox 802 4053 847 4116; x_wconf 87' lang='lat' dir='ltr'><strong>et</strong></span> <span class='ocrx_word' id='word_1_171' title='bbox 873 4033 1002 4117; x_wconf 87' lang='lat' dir='ltr'><strong>modo</strong></span> <span class='ocrx_word' id='word_1_172' title='bbox 1031 4061 1104 4114; x_wconf 90' lang='lat' dir='ltr'><strong>cor</strong></span> <span class='ocrx_word' id='word_1_173' title='bbox 1130 4054 1173 4116; x_wconf 87' lang='lat' dir='ltr'><strong>et</strong></span> <span class='ocrx_word' id='word_1_174' title='bbox 1202 4033 1332 4148; x_wconf 88' lang='lat' dir='ltr'><strong>pedes</strong></span> <span class='ocrx_word' id='word_1_175' title='bbox 1359 4031 1515 4148; x_wconf 89' lang='lat' dir='ltr'><strong>integri</strong></span> <span class='ocrx_word' id='word_1_176' title='bbox 1542 4033 1649 4139; x_wconf 90' lang='lat' dir='ltr'><strong>sint,</strong></span> <span class='ocrx_word' id='word_1_177' title='bbox 1680 4034 1864 4118; x_wconf 88' lang='lat' dir='ltr'><strong>natando</strong></span> <span class='ocrx_word' id='word_1_178' title='bbox 1893 4055 1938 4116; x_wconf 90' lang='lat' dir='ltr'><strong>et</strong></span> <span class='ocrx_word' id='word_1_179' title='bbox 1963 4031 2181 4116; x_wconf 87' lang='lat' dir='ltr'><strong>urinando</strong></span> 
     </span>
     <span class='ocr_line' id='line_1_23' title="bbox 485 4181 2179 4301; baseline -0.002 -33"><span class='ocrx_word' id='word_1_180' title='bbox 485 4181 677 4268; x_wconf 80' lang='lat' dir='ltr'><strong>venatori</strong></span> <span class='ocrx_word' id='word_1_181' title='bbox 716 4213 761 4268; x_wconf 87' lang='lat' dir='ltr'><strong>se</strong></span> <span class='ocrx_word' id='word_1_182' title='bbox 803 4185 1033 4270; x_wconf 87' lang='lat' dir='ltr'><strong>subducere</strong></span> <span class='ocrx_word' id='word_1_183' title='bbox 1075 4211 1160 4267; x_wconf 93' lang='lat' dir='ltr'><strong>non</strong></span> <span class='ocrx_word' id='word_1_184' title='bbox 1199 4184 1410 4270; x_wconf 89' lang='lat' dir='ltr'><strong>desinunt.</strong></span> <span class='ocrx_word' id='word_1_185' title='bbox 1480 4185 1638 4270; x_wconf 88' lang='lat' dir='ltr'><strong>Avium</strong></span> <span class='ocrx_word' id='word_1_186' title='bbox 1683 4185 1966 4301; x_wconf 88' lang='lat' dir='ltr'><strong>aquaticarum</strong></span> <span class='ocrx_word' id='word_1_187' title='bbox 2002 4185 2179 4300; x_wconf 86' lang='lat' dir='ltr'><strong>plumae</strong></span> 
     </span>
     <span class='ocr_line' id='line_1_24' title="bbox 485 4331 2179 4453; baseline 0 -35"><span class='ocrx_word' id='word_1_188' title='bbox 485 4331 775 4447; x_wconf 87' lang='lat' dir='ltr'><strong>oleaginosae,</strong></span> <span class='ocrx_word' id='word_1_189' title='bbox 805 4365 873 4420; x_wconf 89' lang='lat' dir='ltr'><strong>me</strong></span> <span class='ocrx_word' id='word_1_190' title='bbox 902 4334 1075 4451; x_wconf 89' lang='lat' dir='ltr'><strong>quidem</strong></span> <span class='ocrx_word' id='word_1_191' title='bbox 1103 4333 1266 4448; x_wconf 90' lang='lat' dir='ltr'><strong>judice,</strong></span> <span class='ocrx_word' id='word_1_192' title='bbox 1306 4338 1410 4422; x_wconf 86' lang='lat' dir='ltr'><strong>fiunt</strong></span> <span class='ocrx_word' id='word_1_193' title='bbox 1438 4367 1523 4424; x_wconf 95' lang='lat' dir='ltr'><strong>non</strong></span> <span class='ocrx_word' id='word_1_194' title='bbox 1552 4340 1604 4425; x_wconf 90' lang='lat' dir='ltr'><strong>ab</strong></span> <span class='ocrx_word' id='word_1_195' title='bbox 1632 4337 1806 4422; x_wconf 91' lang='lat' dir='ltr'><strong>inuncto</strong></span> <span class='ocrx_word' id='word_1_196' title='bbox 1835 4337 1932 4422; x_wconf 91' lang='lat' dir='ltr'><strong>oleo</strong></span> <span class='ocrx_word' id='word_1_197' title='bbox 1961 4335 2179 4453; x_wconf 86' lang='lat' dir='ltr'><strong>ampullae</strong></span> 
     </span>
     <span class='ocr_line' id='line_1_25' title="bbox 483 4484 2180 4604; baseline 0.001 -34"><span class='ocrx_word' id='word_1_198' title='bbox 483 4484 693 4602; x_wconf 88' lang='lat' dir='ltr'><strong>uroppgii,</strong></span> <span class='ocrx_word' id='word_1_199' title='bbox 719 4516 828 4600; x_wconf 90' lang='lat' dir='ltr'><strong>quae</strong></span> <span class='ocrx_word' id='word_1_200' title='bbox 856 4487 957 4572; x_wconf 87' lang='lat' dir='ltr'><strong>solis</strong></span> <span class='ocrx_word' id='word_1_201' title='bbox 984 4484 1151 4572; x_wconf 89' lang='lat' dir='ltr'><strong>videtur</strong></span> <span class='ocrx_word' id='word_1_202' title='bbox 1177 4487 1428 4603; x_wconf 87' lang='lat' dir='ltr'><strong>remigibus,</strong></span> <span class='ocrx_word' id='word_1_203' title='bbox 1457 4489 1784 4604; x_wconf 91' lang='lat' dir='ltr'><strong>rectricibusque</strong></span> <span class='ocrx_word' id='word_1_204' title='bbox 1813 4489 1997 4604; x_wconf 89' lang='lat' dir='ltr'><strong>unguine</strong></span> <span class='ocrx_word' id='word_1_205' title='bbox 2029 4515 2180 4576; x_wconf 89' lang='lat' dir='ltr'><strong>curan·</strong></span> 
     </span>
     <span class='ocr_line' id='line_1_26' title="bbox 483 4636 2178 4761; baseline -0.002 -37"><span class='ocrx_word' id='word_1_206' title='bbox 483 4637 550 4724; x_wconf 88' lang='lat' dir='ltr'><strong>dis</strong></span> <span class='ocrx_word' id='word_1_207' title='bbox 578 4636 811 4742; x_wconf 85' lang='lat' dir='ltr'><strong>inservire;</strong></span> <span class='ocrx_word' id='word_1_208' title='bbox 869 4669 966 4727; x_wconf 85' lang='lat' dir='ltr'><strong>aves</strong></span> <span class='ocrx_word' id='word_1_209' title='bbox 994 4639 1110 4727; x_wconf 89' lang='lat' dir='ltr'><strong>enim</strong></span> <span class='ocrx_word' id='word_1_210' title='bbox 1136 4671 1309 4758; x_wconf 85' lang='lat' dir='ltr'><strong>quarum</strong></span> <span class='ocrx_word' id='word_1_211' title='bbox 1337 4645 1506 4761; x_wconf 87' lang='lat' dir='ltr'><strong>plumae</strong></span> <span class='ocrx_word' id='word_1_212' title='bbox 1536 4643 1662 4729; x_wconf 81' lang='lat' dir='ltr'><strong>facile</strong></span> <span class='ocrx_word' id='word_1_213' title='bbox 1691 4644 1939 4742; x_wconf 88' lang='lat' dir='ltr'><strong>madcfiunt,</strong></span> <span class='ocrx_word' id='word_1_214' title='bbox 1974 4663 2026 4726; x_wconf 87' lang='lat' dir='ltr'><strong>ut</strong></span> <span class='ocrx_word' id='word_1_215' title='bbox 2055 4639 2178 4742; x_wconf 85' lang='lat' dir='ltr'><strong>Sitta,</strong></span> 
     </span>
    </p>
   </div>
   <div class='ocr_carea' id='block_1_4' title="bbox 481 4785 2179 5070">
    <p class='ocr_par' dir='ltr' id='par_1_4' title="bbox 481 4785 2179 5070">
     <span class='ocr_line' id='line_1_27' title="bbox 481 4785 2179 4912; baseline -0.002 -34"><span class='ocrx_word' id='word_1_216' title='bbox 481 4785 600 4886; x_wconf 84' lang='lat' dir='ltr'><strong>Pari,</strong></span> <span class='ocrx_word' id='word_1_217' title='bbox 629 4787 796 4896; x_wconf 89' lang='lat' dir='ltr'><strong>Stumi,</strong></span> <span class='ocrx_word' id='word_1_218' title='bbox 826 4813 933 4878; x_wconf 87' lang='lat' dir='ltr'><strong>caet.</strong></span> <span class='ocrx_word' id='word_1_219' title='bbox 963 4794 1105 4880; x_wconf 89' lang='lat' dir='ltr'><strong>oleosa</strong></span> <span class='ocrx_word' id='word_1_220' title='bbox 1135 4795 1319 4912; x_wconf 87' lang='lat' dir='ltr'><strong>ampulla</strong></span> <span class='ocrx_word' id='word_1_221' title='bbox 1350 4793 1525 4882; x_wconf 91' lang='lat' dir='ltr'><strong>minime</strong></span> <span class='ocrx_word' id='word_1_222' title='bbox 1553 4819 1711 4883; x_wconf 87' lang='lat' dir='ltr'><strong>carent.</strong></span> <span class='ocrx_word' id='word_1_223' title='bbox 1768 4801 1817 4880; x_wconf 93' lang='lat' dir='ltr'><strong>In</strong></span> <span class='ocrx_word' id='word_1_224' title='bbox 1846 4791 2059 4911; x_wconf 88' lang='lat' dir='ltr'><strong>aquaticis</strong></span> <span class='ocrx_word' id='word_1_225' title='bbox 2088 4795 2179 4910; x_wconf 91' lang='lat' dir='ltr'><strong>plu·</strong></span> 
     </span>
     <span class='ocr_line' id='line_1_28' title="bbox 482 4941 2178 5070; baseline 0.005 -45"><span class='ocrx_word' id='word_1_226' title='bbox 482 4969 577 5026; x_wconf 84' lang='lat' dir='ltr'><strong>mae</strong></span> <span class='ocrx_word' id='word_1_227' title='bbox 617 4941 759 5056; x_wconf 83' lang='lat' dir='ltr'><strong>potius</strong></span> <span class='ocrx_word' id='word_1_228' title='bbox 798 4975 823 5028; x_wconf 84' lang='lat' dir='ltr'><strong>a</strong></span> <span class='ocrx_word' id='word_1_229' title='bbox 859 4967 1053 5064; x_wconf 85' lang='lat' dir='ltr'><strong>suscepta</strong></span> <span class='ocrx_word' id='word_1_230' title='bbox 1091 4975 1169 5066; x_wconf 88' lang='lat' dir='ltr'><strong>per</strong></span> <span class='ocrx_word' id='word_1_231' title='bbox 1209 4979 1400 5070; x_wconf 87' lang='lat' dir='ltr'><strong>scapum,</strong></span> <span class='ocrx_word' id='word_1_232' title='bbox 1454 4948 1543 5038; x_wconf 91' lang='lat' dir='ltr'><strong>imo</strong></span> <span class='ocrx_word' id='word_1_233' title='bbox 1580 4969 1677 5068; x_wconf 77' lang='lat' dir='ltr'><strong>per&#39;</strong></span> <span class='ocrx_word' id='word_1_234' title='bbox 1696 4971 1837 5036; x_wconf 88' lang='lat' dir='ltr'><strong>cutem</strong></span> <span class='ocrx_word' id='word_1_235' title='bbox 1876 4949 2178 5034; x_wconf 81' lang='lat' dir='ltr'><strong>transsudante</strong></span> 
     </span>
    </p>
   </div>
   <div class='ocr_carea' id='block_1_5' title="bbox 0 0 2394 6038">
    <p class='ocr_par' dir='ltr' id='par_1_5' title="bbox 0 0 2394 6038">
     <span class='ocr_line' id='line_1_29' title="bbox 0 0 2394 6038; baseline 0 0"><span class='ocrx_word' id='word_1_236' title='bbox 0 0 2394 6038; x_wconf 95' lang='lat' dir='ltr'><strong> </strong></span> 
     </span>
    </p>
   </div>
  </div>
 </body>
</html>
