4770 6042
441 507 498 574 ts
1199 501 1345 558 ΕΞ

609 703 809 818 XXVIL
884 698 1988 816 coccorttttaust’ssu

573 1167 767 1252 Rostrum
796 1189 995 1278 magnum
1007 1220 1023 1261 ,
1049 1189 1251 1262 crassum,
1282 1155 1503 1261 directum,
1532 1154 1810 1246 trochiiorme
1839 1159 2127 1253 Coccothrau·

432 1337 516 1404 stes
554 1316 654 1402 satis
695 1349 720 1402 a
746 1314 923 1429 reliquis
962 1309 1303 1400 Enucleatricum
1331 1339 1364 1394 s.
1394 1307 1691 1424 Fringillarum
1726 1311 1949 1428 generibus
1979 1316 2128 1404 distin·

432 1467 547 1584 guit,
592 1491 638 1556 ut
665 1469 784 1556 nullo
813 1469 899 1555 alio
924 1465 1168 1556 charactere
1197 1461 1255 1550 sit
1282 1493 1400 1580 opus.
1472 1463 1641 1550 Robore
1669 1463 1937 1552 maxillarum
1965 1497 2125 1568 omnes,

431 1619 562 1706 etiarn
589 1618 743 1708 loxias
771 1643 817 1708 et
844 1619 1069 1738 Pyrrhulas
1095 1611 1223 1734 lon'ge
1249 1641 1464 1735 superant,
1502 1614 1741 1730 meritoque
1763 1617 1823 1730 ,ab
1846 1611 1900 1702 iis
1922 1619 2125 1712 distincto

431 1773 606 1862 nomino
634 1771 826 1860 veniunt.

604 2027 717 2118 182.
772 2015 1693 2140 COCCOTHRAUSTES
1745 2021 1955 2136 vulgaris.

580 2231 631 2322 C.
672 2259 849 2350 grysea,
906 2233 1006 2350 gula
1044 2235 1296 2346 artubusque
1335 2227 1491 2349 nigris,
1534 2227 1765 2346 remigibus
1806 2229 1960 2320 mediis
2002 2232 2129 2350 apion

433 2383 624 2472 sinuatis.-

655 2533 1009 2628 Coccothraustes
1050 2543 1283 2624 Auctorum
1294 2594 1310 2635 ,
1368 2533 1590 2652 Wtuagtt.
1628 2565 1715 2622 orn.
1743 2567 1786 2652 p.
1820 2547 1908 2646 ηδ.
1937 2538 2023 2624 tob.
2052 2553 2125 2645 44.

703 2691 798 2810 Roj.
842 2722 909 2778 ou.
950 2724 992 2805 p.
1031 2703 1099 2780 85.
1141 2723 1181 2776 n.
1230 2724 1263 2776 1.
1305 2689 1445 2774 Atbtn.
1474 2721 1540 2776 ou.
1568 2692 1603 2774 t.
1643 2687 1726 2774 tob.
1758 2702 1825 2776 56.
1867 2689 2021 2776 Frisch.
2050 2721 2120 2778 ov.

704 2861 801 2930 tect.
836 2875 871 2928 t.
903 2843 989 2928 tob.
1018 2859 1060 2948 4.
1079 2845 1165 2956 fig.
1196 2873 1234 2926 a.
1265 2853 1304 2930 3.
1357 2841 1555 2930 edward.
1579 2871 1646 2928 no.
1672 2841 1759 2929 tob.
1795 2853 1887 2942 roe,
1938 2844 2122 2928 Brisson.

709 3025 799 3082 orn.
827 2997 903 3082 HI.
939 3027 982 3112 p.
1019 3027 1114 3104 2¹9·
1140 3023 1203 3109 tp.
1244 3029 1278 3078 ι.
1309 2993 1428 3082 Zool·
1466 2995 1613 3081 britan.
1649 3027 1695 3112 p.
1726 3007 1813 3083 105.
1847 3025 1909 3113 tp.
1947 3031 1981 3080 1.
2014 2993 2121 3084 Tab.

707 3144 761 3234 U.
780 3150 866 3262 fag.
903 3181 936 3234 r.
963 3145 1184 3234 D’aubent·
1213 3154 1308 3264 pict.
1337 3146 1424 3232 tob.
1454 3181 1520 3255 99.
1549 3151 1671 3242 Mser
1703 3180 1791 3234 too.
1821 3143 2020 3234 foemina.

649 3297 787 3390 taxi·
815 3296 1190 3404 Coccothraustes‚
1219 3301 1309 3384 Lin.
1337 3319 1443 3412 syst.
1470 3301 1568 3383 ΧΠ.
1595 3303 1631 3383 Ι.
1659 3333 1702 3418 p.
1734 3333 1827 3410 299.
1854 3331 1918 3416 sp·
1947 3333 1988 3392 o·

651 3459 759 3544 Haw
787 3448 936 3557 sancit,
964 3455 1153 3538 tutam.
1178 3481 1273 3564 syn.
1300 3453 1375 3534 tV.
1402 3485 1443 3570 p.
1479 3486 1568 3561 ¹09·
1595 3485 1636 3540 n.
1662 3470 1706 3559 4.

538 3601 784 3694 Malorossis
811 3603 1011 3692 Dubonbs
1038 3607 1236 3714 (rostrum
1263 3609 1502 3721 queruum).

537 3759 755 3872 Mongolis
781 3759 1081 3871 Gbeiregunna.

565 3915 682 3998 Nota
711 3909 801 3994 avis
827 3907 874 3994 in
903 3907 1077 3994 Rossiae
1106 3909 1353 4020 australibus
1381 3933 1426 3996 et
1456 3912 1510 3998 ad
1537 3909 1782 4002 inferiorem
1810 3909 2011 4024 Volgum,
2040 3907 2121 4000 ubi

424 4067 638 4154 Pomonae
677 4061 844 4148 arbores
873 4057 1044 4178 vigent,
1083 4058 1187 4148 binc
1224 4093 1301 4178 per
1342 4093 1512 4152 omnem
1551 4087 1731 4152 tractum
1768 4062 1976 4148 montium
2014 4067 2119 4148 Ura·

427 4209 612 4305 lensium
639 4234 683 4298 et
710 4209 919 4299 citerioris
948 4211 1127 4300 Sibiriae
1157 4244 1248 4301 raro
1276 4218 1544 4318 observatur,
1578 4215 1711 4332 sylvis
1739 4211 1948 4300 montanis
1975 4241 2117 4302 acero·

421 4365 479 4454 sis
506 4387 552 4452 et
580 4363 776 4452 excelsis
808 4365 1058 4482 praesertim
1098 4367 1297 4483 larycetis
1325 4371 1512 4484 gaudens
1552 4365 1627 4454 ubi
1657 4364 1891 4482 gregatim,
1930 4393 2025 4450 cum
2051 4387 2117 4450 te·

424 4517 528 4616 uui,
578 4519 666 4602 iere
708 4517 829 4618 Pari,
883 4517 1023 4636 pipitu
1063 4519 1286 4606 obvolitat.
1358 4527 1408 4606 In
1436 4515 1778 4604 transbai’calensi
1812 4513 1983 4632 regione
2012 4543 2117 4604 vero

423 4667 649 4786 quotannis
676 4668 816 4788 primo
843 4697 965 4778 vere,
1001 4673 1077 4782 (ad
1106 4673 1329 4788 Selengam
1359 4671 1435 4754 sub
1477 4667 1678 4756 Februari
1709 4673 1882 4783 finem,)
1922 4667 2115 4753 diffluen-

422 4842 470 4909 te
496 4821 680 4938 primurn
709 4819 806 4908 nive
817 4881 833 4924 ,
862 4821 1050 4910 maximo
1077 4854 1254 4910 numero
1281 4819 1487 4938 gregatim
1516 4819 1717 4909 advolant
1743 4817 2112 4912 Coceotbrsustes.

423 4975 476 5064 lu
502 4973 636 5094 magis
663 4971 938 5066 orientalibus
965 4973 1146 5066 Sibiriae
1173 4979 1348 5063 taudem
1375 4973 1542 5059 desunt.
