4770 6042
1018 449 1165 507 ...m-..-
1492 521 1495 528 1
1875 459 1933 540 ¹9

359 645 360 650 ‘
459 645 666 766 Fringilla¹
693 648 898 736 calcarata
909 708 925 749 ,
951 647 1160 736 Pallida.
1174 651 1230 734 II.
1244 653 1419 768 append.
1433 684 1474 769 p.
1491 651 1642 764 7ro.'f,rt.
1661 685 1725 743 ao.
1757 657 1860 747 Tab.
1874 662 1930 750 Ε.

376 779 491 889 Ante
527 798 715 888 medium
749 800 934 917 Aprilis,
964 883 968 896 ,
993 803 1045 887 ad
1071 801 1252 916 primam
1290 801 1646 892 inflorescentiam
1680 813 1925 898 Anemones

240 954 426 1072 patentis
454 975 500 1039 et
524 955 692 1039 Drabae
721 983 899 1059 vernae,
940 947 1104 1068 magnis
1131 953 1325 1068 gregibus
1355 983 1431 1069 per
1457 985 1627 1072 campos
1654 964 1858 1048 Isetenses
1884 983 1931 1048 at

240 1107 520 1194 lachimenses
537 1103 745 1220 migrabat
769 1107 898 1213 (anno
921 1072 1058 1229 177i.)
1091 1135 1208 1219 agros
1236 1106 1483 1222 praesertim
1509 1107 1712 1194 lenticula
1746 1113 1929 1199 consitos

240 1261 537 1374 frequentans,
585 1254 763 1371 citoque¹
784 1258 837 1341 ad
865 1255 1124 1343 borealiores
1150 1255 1341 1371 regiones
1370 1257 1470 1343 abit.
1526 1261 1568 1345 V
1564 1292 1621 1348 oa
1648 1263 1734 1349 fere
1762 1271 1806 1350 P.
1833 1296 1928 1350 can·

240 1410 416 1511 nabini3
445 1409 608 1494 volatus
635 1409 768 1511 altus,
799 1431 1028 1526 constans·
1073 1409 1214 1492 Currit
1240 1408 1287 1494 in
1315 1409 1423 1524 agris
1448 1408 1579 1496 instar
1615 1414 1806 1500 Alaudae
1839 1417 1931 1526 (cui

241 1585 289 1648 et
314 1561 475 1648 calcare
503 1559 671 1668 similis)
702 1561 891 1673 adeoque
920 1559 1240 1646 verosimillime
1261 1560 1308 1646 in
1328 1593 1435 1650 zona
1461 1563 1618 1652 erotica
1643 1567 1774 1681 sylvis
1802 1567 1931 1656 desti·

239 1734 334 1800 tuta
360 1713 558 1816 aestivat,
587 1742 684 1796 cum
710 1719 756 1795 P.
787 1723 940 1798 arctico
969 1733 1013 1795 et
1041 1713 1202 1797 Ember.
1231 1721 1370 1800 nivali.

380 1868 556 1952 Descr.
604 1867 796 1950 bosnam
828 1862 1095 1978 ,passerinum
1122 1867 1165 1972 (r
1195 1835 1516 1954 ad'Emberizas
1543 1893 1685 1956 tamen
1712 1875 1931 1988 paululum

240 2015 454 2103 inclinans
470 2025 521 2130 :),
551 2046 745 2122 cereum,
816 2046 913 2100 cum
947 2015 1090 2132 ‘apice
1128 2015 1362 2132 nigricante
1403 2043 1449 2105 ut
1491 2021 1538 2106 in
1585 2023 1926 2140 Montifringilla.

240 2175 401 2284 Lingua
427 2167 647 2296 subbifida.
704 2148 841 2279 Caput
868 2200 965 2254 cum
989 2178 1279 2280 gulu¹atrum,
1320 2170 1539 2286 nigredine
1567 2203 1643 2289 per
1669 2177 1827 2262 collum
1858 2180 1929 2264 de·
1962 2145 1965 2154 Ι

240 2325 494 2422 scandente3
523 2319 739 2435 plumulae
766 2319 1015 2431 quibusdam
1044 2315 1152 2406 circa
1182 2318 1369 2408 nucham
1388 2323 1498 2441 etin
1526 2327 1623 2438 gula
1652 2325 1797 2414 albido
1823 2361 1930 2415 mar·

239 2473 423 2589 §natae
478 2473 629 2557 Fascia
656 2473 750 2556 alba
777 2501 890 2586 pone
916 2474 1076 2557 nasales
1104 2472 1483 2590 plumulasnigras¹
1509 2498 1683 2588 angusto
1711 2476 1927 2594 princ‘qrio

237 2623 468 2740 incipiens,
495 2655 620 2738 supra
651 2621 794 2708 oculos
823 2620 1091 2730 continuata,
1122 2627 1175 2711 ad
1203 2647 1395 2738 tempora
1421 2625 1654 2722 latescens,
1691 2628 1928 2743 ungulaque

128 2821 145 2854 ι
237 2781 395 2864 reflexa
420 2807 496 2893 per
519 2775 625 2862 colli
654 2774 787 2860 latera
814 2776 1101 2882 descendens,
1130 2776 1206 2864 ubi
1230 2775 1389 2862 sensim
1416 2775 1559 2864 albido
1574 2775 1788 2862 ·lutescit.
1833 2783 1951 2890 (lar-v

238 2937 316 3016 oin
343 2956 438 3013 area
463 2952 695 3014 transversa
721 2924 834 3010 ovali
846 2985 860 3024 ,
920 2929 1085 3016 intense
1124 2931 1228 3014 rufa.
1307 2933 1488 3017 Dorsum
1519 2927 1724 3045 passerini
1760 2930 1929 3036 coloris,

239 3079 483 3186 lituratum,
522 3077 678 3195 plumis
707 3079 850 3165 medio
877 3079 1034 3193 nigris,
1058 3079 1270 3194 proxime
1298 3055 1581 3195 ferrugineis,
1615 3077 1804 3191 margine
1832 3111 1940 3197 gry-⁸

239 3230 337 3318 aeis.
392 3233 542 3320 Subtus
569 3230 734 3317 avicula
762 3233 867 3324 alba,
900 3229 1101 3316 lateribus
1129 3231 1493 3346 longitudinaliter
1518 3231 1640 3346 nigro
1666 3229 1925 3344 marginatis.

242 3385 453 3502 Uropygii
477 3363 663 3501 plumae'-
679 3381 914 3498 longiores,
969 3381 1128 3471 acutius
1156 3382 1404 3498 elongatae,
1459 3383 1580 3500 apice
1609 3379 1719 3468 disci
1747 3381 1925 3496 ferrugi-

237 3565 374 3635 neae,
401 3565 486 3622 non
513 3543 696 3622 taetriccs
723 3537 895 3620 caudae.
952 3536 1127 3620 Alarum
1154 3544 1377 3624 oestitrices
1404 3536 1563 3642 fuscae,
1596 3535 1693 3620 albo
1720 3531 1925 3646 margine*

236 3711 339 3785 tae‚·
376 3699 560 3776 rectrices
587 3691 717 3778 duum
744 3686 940 3809 ordinum
968 3685 1088 3802 apice
1118 3686 1266 3793 albae,
1293 3690 1404 3771 unde
1432 3697 1564 3800 strigo
1594 3687 1752 3800 duplex
1782 3714 1858 3800 per
1887 3717 1926 3772 a·

237 3837 315 3924 las.
364 3843 567 3954 demiges,
594 3849 851 3954 lectricesque
878 3837 1103 3953 primariae
1132 3860 1308 3926 externo
1337 3836 1471 3924 limbo
1499 3837 1699 3952 pallidae,
1729 3839 1924 3924 secunda·
2038 3893 2040 3899 ,

236 4001 326 4080 riae
352 3989 510 4076 sensim
536 3993 817 4078 rufo-luteae.
875 3979 1289 4103 Caudasubbifurca,
1320 3991 1465 4076 mediis
1492 3986 1761 4092 acutioribus,
1791 3986 1924 4104 nigra,

235 4143 465 4230 rectricum
506 4166 683 4260 utroque
717 4143 853 4229 limbo
894 4141 1066 4239 albido‚·
1121 4149 1300 4228 extimae
1342 4141 1537 4256 utrinque
1554 4126 1606 4227 ¹a.
1635 4169 1772 4226 cuneo
1812 4140 1940 4250 inte-y

235 4295 325 4382 rina
353 4298 404 4380 ab
434 4295 555 4410 apice
584 4298 694 4384 albo.
749 4296 878 4384 Pedes
904 4293 1039 4409 nigri,
1079 4323 1213 4407 ungue
1245 4291 1411 4408 postico
1439 4291 1716 4398 rectiusculo,
1757 4292 1939 4404 elonga.

235 4469 311 4552 to,
341 4445 491 4560 (magis
520 4478 646 4562 quam
677 4449 723 4534 in
750 4451 919 4536 Ember.
946 4445 1114 4560 nivali).

377 4601 414 4682 F
423 4610 652 4690 oemino:
707 4635 828 4719 supra
854 4604 997 4690 colore
1024 4600 1245 4704 Alaudae,
1291 4603 1322 4708 (z
1338 4601 1481 4716 capite
1509 4603 1639 4690 etiam
1668 4597 1879 4716 variegata
1894 4603 1925 4714 t)

234 4750 323 4840 niti
356 4753 469 4865 quod
498 4753 646 4839 cervix
674 4775 719 4840 et
745 4753 924 4868 remiges
953 4751 1223 4838 secundariae
1249 4731 1442 4874 margine
1466 4757 1687 4838 rufescant.
1744 4751 1925 4842 Aurium

233 4933 342 4994 arca
368 4901 484 4990 lusco
510 4934 744 5024 gryseoque
772 4905 998 5010 nebulosa3
1055 4903 1282 5020 supercilia
1307 4904 1481 5021 pallida.
1558 4905 1727 5026 'Collum
1754 4904 1807 4991 ab
1834 4904 1925 5020 ipsa

1470 5063 1492 5108 ο
