4770 6042
1283 469 1432 522 Ε

683 673 1011 790 Montifringilla
1039 669 1384 791 leucocephalos,
1443 673 1572 760 Gmsl.
1600 703 1678 762 sen,
1711 675 1796 760 obs.
1826 673 1915 758 Ms.

678 829 899 917 Emberiza
927 847 1126 914 montana
1154 825 1415 940 rubiginosa,
1473 829 1629 914 Steller.
1659 828 1745 912 obs.
1773 831 1862 911 MS.

678 982 900 1068 Emberiza
928 977 1206 1094 Pithyornus,
1263 981 1370 1066 Patr.
1399 987 1487 1064 itin.
1515 983 1570 1062 Il.
1600 1011 1695 1094 app.
1725 1013 1766 1094 p.
1795 1013 1889 1089 71⁰·
1920 1010 1959 1062 n.
1989 1011 2076 1063 aa..

679 1133 902 1220 Emberiza
929 1129 1277 1246 leucocephalos,
1315 1131 1444 1218 Gmel.
1468 1137 1556 1252 jun.
1584 1133 1691 1218 Nou.
1719 1133 1836 1217 Com.
1864 1133 2024 1246 Petrop.
2052 1131 2147 1216 XV.

716 1251 775 1403 p.
805 1299 900 1389 aaa.
929 1283 1016 1368 rab.
1046 1297 1110 1370 23.
1131 1286 1215 1397 fig.
1247 1299 1286 1372 a.
1317 1285 1468 1400 (plag.)

678 1437 901 1522 Eruberiza
942 1435 1081 1552 capite
1122 1435 1405 1523 diversimode
1433 1437 1628 1547 fasciato,
1685 1441 1855 1552 Lepeclr.
1883 1437 1988 1523 Nou.
2029 1438 2148 1522 Corn.

732 1591 895 1703 Petrop.
922 1591 1016 1675 XV.
1048 1623 1087 1704 p.
1117 1602 1212 1693 466.
1241 1589 1326 1695 tab,
1359 1605 1424 1677 25.
1444 1595 1531 1706 fig.
1568 1629 1602 1678 1.

685 1739 1036 1855 Pius-Bouting‚
1091 1745 1281 1826 batham.
1311 1771 1404 1856 syn.
1434 1748 1508 1826 ΙΙΙ.
1539 1777 1579 1859 p.
1612 1761 1703 1832 203.
1734 1779 1772 1832 n.
1804 1759 1870 1834 50.

601 1901 652 1981 In
679 1895 796 1982 omni
837 1892 992 1979 Sibiria
1021 1897 1072 1980 ab
1113 1893 1309 1980 Uralensi
1338 1893 1546 1980 montium
1572 1920 1707 1983 tractu
1736 1895 1948 2012 usquead
1988 1899 2151 1982 Lanam

460 2043 508 2136 in
536 2049 666 2166 sylvis
695 2045 872 2135 acerosis
913 2047 1108 2160 frequens
1137 2045 1247 2150 avis,
1305 2047 1379 2130 sed
1408 2048 1694 2150 subsolitaria,
1750 2049 1888 2166 primo
1924 2076 2022 2131 vere
2052 2050 2152 2154 (sub

462 2203 590 2288 finem
619 2199 787 2314 Martii)
817 2202 1044 2286 adventans
1073 2199 1267 2312 gregibus
1294 2199 1433 2312 parvis
1461 2230 1515 2286 ex
1543 2225 1718 2315 utroque
1748 2233 1850 2286 sexu
1878 2197 2043 2302 mixtis,
2075 2199 2155 2284 sed

461 2353 667 2440 tardiores
706 2376 851 2438 tamen
888 2349 1113 2436 foeminae.
1189 2349 1415 2436 Hominem
1455 2383 1541 2440 non
1582 2353 1841 2439 reformidat.
1911 2357 1960 2436 In
2002 2349 2154 2436 Rossia

461 2535 677 2620 nunquam
717 2506 938 2591 observata
966 2521 1054 2602 est3
1097 2531 1304 2616 quamque
1328 2503 1467 2620 Junior
1504 2507 1767 2593 Gmelirrns
1806 2529 2005 2619 tanquam
2034 2534 2156 2588 suam

461 2655 603 2758 dedit,
658 2654 889 2769 descriptio
916 2656 1166 2739 verbotenus
1195 2683 1219 2738 e
1248 2651 1405 2739 chartis
1442 2659 1585 2742 Patrui
1611 2659 1821 2775 descripta
1850 2679 1913 2742 est
1940 2685 2022 2739 una
2053 2683 2156 2740 cunr

461 2819 617 2895 leone!
657 2811 752 2892 Mas
780 2805 990 2908 camiliar,
1035 2835 1140 2889 voce
1168 2803 1293 2890 sibila
1324 2805 1583 2894 Schoenicli.
1653 2810 1791 2895 Nidus
1819 2803 2157 2922 haemisphaeri-

462 2989 551 3048 cus.
615 2961 821 3070 Nr'dr'fieat
846 2954 893 3041 in
922 2954 1100 3040 arbustis
1127 2955 1314 3070 gramine
1343 2983 1562 3064 contexto,
1621 2962 1695 3046 ubi
1723 2960 1907 3048 foemina
1933 2957 2044 3074 parit
2071 2988 2157 3042 ora

462 3109 737 3218 virescentis,
773 3113 891 3197 fusco
919 3107 1146 3224 variegata.
1202 3109 1312 3196 Pulli
1340 3115 1416 3200 sub
1446 3115 1573 3200 finem
1598 3112 1728 3201 lunii.
1785 3112 2008 3202 Pediculus
2037 3109 2156 3196 mole

462 3259 655 3379 insignis.

604 3421 777 3505 Descr.
846 3419 1093 3532 Magnitudo
1131 3445 1176 3508 et
1214 3421 1382 3508 habitus
1422 3422 1684 3510 Citrinellae.
1754 3423 1945 3507 Rostrum
1972 3418 2156 3522 fuscum,

465 3566 641 3654 maxilla
677 3569 876 3656 inferiore
917 3571 1064 3656 livida.
1138 3577 1266 3660 frider
1304 3578 1517 3675 obscurae,
1586 3579 1734 3662 Verrem
1774 3570 2157 3684 fusco-nigricans,

465 3723 631 3806 macula
670 3721 716 3807 in
756 3721 898 3808 medio
937 3745 1058 3808 orata
1098 3727 1193 3808 alba
1231 3727 1379 3837 (etiarn
1424 3727 1641 3840 foeminis)
1670 3723 1894 3840 nuchaque
1923 3721 2155 3837 variegata.

469 3873 646 3958 Tractus
673 3905 748 3990 per
776 3875 919 3960 oculos
949 3878 1003 3960 ad
1028 3878 1238 3962 cervicem
1278 3883 1522 3994 productus,
1580 3909 1753 3995 areaque
1793 3878 1914 3992 gulae
1944 3878 2049 3970 lata,
2079 3868 2157 3955 tri·

468 4025 901 4139 angularis-testaceo
925 4028 1174 4141 sanguinea,
1218 4029 1310 4145 plus
1339 4029 1476 4114 minus
1505 4052 1697 4114 saturata.
1771 4031 1953 4140 Torques
1982 4025 2076 4109 alba
2105 4022 2158 4107 in

464 4180 630 4262 cervice
657 4177 890 4295 interrupta
918 4201 1043 4295 caput
1072 4179 1234 4264 varium
1281 4179 1458 4266 dirimit.
1530 4185 1695 4270 Collum
1734 4179 1907 4264 inferius
1947 4201 2159 4262 transver-

466 4327 547 4412 sim
574 4331 736 4434 album,
768 4361 890 4448 saepe
917 4330 1085 4447 punctis
1113 4331 1289 4445 trigonis
1318 4334 1558 4447 adspersum
1574 4368 1586 4432 ς
1642 4334 1820 4418 Dorsum
1849 4323 2053 4446 passerini
2083 4355 2158 4409 co·

466 4478 580 4565 loris.
647 4487 708 4566 At
736 4507 877 4600 pectus
918 4481 1157 4595 ferrugineo
1195 4510 1426 4595 gryseoque
1455 4482 1716 4570 nebulosum.
1785 4486 1975 4594 demiges
2004 4477 2156 4590 nigrae

461 4629 688 4744 primariae
718 4655 757 4738 4.
785 4635 862 4718 lin.
890 4659 1023 4718 exter.
1055 4635 1200 4734 albae,
1242 4633 1426 4746 reliquae
1455 4635 1659 4749 pallidae,
1702 4629 1969 4718 secundariae
2000 4627 2161 4740 margi·

461 4810 516 4864 ne
543 4783 668 4868 latius
695 4814 880 4899 gryseae,
910 4783 1112 4868 interiore
1141 4813 1284 4869 ornnes
1313 4785 1445 4868 albae.
1513 4787 1713 4870 Tectrices
1742 4781 1971 4896 remigibus
1997 4811 2163 4867 conco·

461 4931 590 5036 lorea,
641 4939 907 5024 secundariae
934 4935 1059 5022 latius
1088 4935 1274 5050 margine
1302 4934 1584 5050 ferrugineas,
1641 4935 1830 5052 apicibus
1870 4929 2169 5018 albicantibus
