4734 6070
953 689 1074 816 939.
1162 699 1356 794 OTIS
1454 695 1678 790 Tarraca

615 985 668 1072 0.
700 985 1014 1101 grymo-alba,
1044 983 1169 1066 dorso
1196 971 1592 1094 grymo-nigroque
1620 968 1850 1070 undulato,
1885 965 1999 1054 collo
2033 971 2150 1060 maris
2189 947 2195 964 ⁶

478 1159 570 1228 etro
582 1197 597 1242 ,
623 1137 834 1242 imberbi,
865 1137 963 1222 albo
990 1131 1240 1248 marginata.

693 1295 811 1382 Anas
838 1286 1084 1406 campestris
1111 1307 1157 1370 99
1183 1283 1316 1369 Stella
1342 1281 1432 1368 avis
1458 1283 1720 1382 Auctorum,
1755 1273 1976 1388 Wdragub.
2005 1307 2088 1362 orn.
2115 1311 2154 1394 p.

758 1479 848 1552 ¹29·
876 1443 962 1530 tab.
993 1457 1060 1530 39.
1088 1443 1179 1558 an.
1209 1471 1275 1522 uu.
1305 1470 1347 1551 ρ.
1378 1449 1444 1544 59.
1473 1465 1511 1518 n.
1542 1467 1578 1516 9.
1608 1431 1751 1518 Albin.
1779 1461 1846 1516 uu.
1873 1431 1952 1516 ΠΙ.
1981 1429 2066 1518 tab.
2091 1448 2154 1538 49.

752 1594 939 1684 foemina
966 1593 1163 1680 Edward.
1193 1622 1261 1676 nu.
1290 1588 1374 1674 tab.
1406 1599 1500 1674 959.
1538 1582 1736 1670 foemina.

694 1747 792 1839 Otia
820 1746 983 1850 minor,
1026 1749 1208 1832 Brisson.
1245 1773 1331 1828 orn.
1373 1741 1425 1826 V.
1455 1771 1506 1856 p.
1537 1753 1603 1844 94.
1645 1767 1709 1852 sp.
1753 1769 1800 1822 9.
1831 1735 1917 1822 aab.
1948 1769 1988 1823 9.
2004 1739 2091 1852 fig.
2123 1772 2155 1824 r.

750 1931 839 1986 mas
851 1960 865 1998 ,
884 1902 971 2012 fag.
1002 1931 1039 1985 9.
1069 1894 1269 1984 foemina.
1663 1866 1672 1891 ’

696 2051 794 2142 0919
821 2059 1005 2153 Tetrnx,
1034 2055 1125 2135 Lan.
1153 2068 1260 2162 syst.
1288 2047 1385 2130 XII.
1413 2047 1450 2128 I.
1495 2075 1536 2160 p.
1567 2055 1661 2150 964.
1701 2071 1764 2160 sp.
1794 2053 1831 2128 3.
1870 2041 2040 2152 Buffon.
2078 2071 2159 2132 orn.

755 2207 814 2289 Η.
843 2235 884 2320 ρ.
913 2217 982 2308 45.
1011 2203 1230 2288 D’nubent.
1260 2207 1358 2314 pict.
1387 2198 1473 2286 tob.
1508 2230 1569 2282 ro.
1598 2193 1812 2298 foemina,
1844 2207 1911 2282 95.
1939 2223 2043 2280 mas.

586 2355 733 2446 Roscia
762 2352 1074 2442 australioribus
1101 2357 1289 2470 8999999,-
1318 2351 1371 2435 ad
1398 2355 1561 2435 Jaicum
1587 2348 1754 2460 Stapnui
1798 2341 1967 2457 Teneref
1996 2345 2160 2456 (Tetrix

642 2505 908 2626 campestris)
950 2529 994 2594 et
1026 2507 1316 2594 Tressruschko
1352 2501 1595 2620 (trepida).
1636 2497 1881 2588 Malorossis
1916 2501 2163 2588 0199199999
2328 2591 2329 2622 Ν

506 2675 510 2684 ’
642 2662 908 2778 (ridibunda)
920 2721 934 2760 ,
960 2663 1155 2778 Stepnujo
1181 2661 1352 2744 Karina.
2328 2629 2329 2672 ³

593 2813 834 2904 Calmuccis
862 2817 948 2898 Bur
976 2813 1046 2897 vel
1071 2811 1437 2896 Machor-Iamna
1464 2813 1613 2918 (coeca
1641 2809 1789 2921 male).

586 2967 766 3084 Kirgisis
783 2968 989 3086 ‘Tjilckdu
1016 2961 1181 3050 Tataris
1209 2959 1531 3053 Casaniensibus
1556 2963 1760 3078 augeae
1814 2967 1956 3052 Tauro
1969 3013 1984 3032 ·
1999 2957 2164 3050 'ratario
2328 2933 2329 2946 1

642 3121 876 3236 sugerus
2328 3229 2329 3232 Ν

612 3275 666 3358 In
693 3270 869 3359 Rosciae
896 3269 1129 3390 provinciis
1155 3265 1503 3358 meridionalibus
1529 3267 1860 3387 compesrribus,
1887 3297 2048 3388 perque
2074 3263 2165 3355 uni·
2328 3289 2329 3360 ³

472 3453 644 3525 vernum
671 3425 885 3512 decenum
911 3423 1134 3511 tataricum
1161 3423 1335 3542 copiosa
1362 3423 1469 3530 avis,
1499 3421 1724 3541 quotannis
1760 3423 1920 3509 tardius
1946 3425 2068 3512 otide
2094 3423 2163 3510 ad·
2328 3431 2329 3520 r

474 3597 654 3666 9999999
683 3597 729 3664 et
754 3575 1006 3695 tempestive
1033 3575 1268 3664 discedens.
1333 3575 1478 3694 Aprili
1517 3598 1562 3662 et
1606 3598 1806 3662 autumno
1849 3605 1926 3694 per
1957 3577 2165 3663 tauricum

477 3727 791 3820 Chersonesum
818 3751 863 3818 et
890 3731 943 3815 ad
971 3730 1205 3819 Caucasum
1231 3726 1403 3848 copiose
1430 3727 1637 3844 migrans,
1678 3758 1755 3844 per
1781 3727 1899 3846 paria
1927 3754 1999 3817 aut
2026 3724 2168 3848 parvis

473 3879 637 3970 turmis.
692 3887 755 3970 At
781 3881 828 3970 in
857 3879 1014 3971 Sibiria
1039 3911 1205 4000 prorsus
1233 3883 1366 3968 deest.
1435 3887 1549 3969 Loca
1589 3909 1722 3996 aeque
1756 3881 1946 3970 soldaris
1980 3905 2097 3968 amat
2123 3899 2169 3966 et

476 4033 644 4152 aprica,
672 4065 753 4123 nec
780 4035 919 4122 minus
946 4033 1136 4123 difficilis
1162 4059 1228 4121 est
1255 4057 1434 4140 venatu,
1464 4065 1513 4122 nc
1539 4037 1709 4139 Tarda,
1740 4039 1855 4148 cujus
1883 4035 2091 4139 formam,
2120 4053 2168 4118 ut

473 4215 734 4303 congeneres
762 4217 935 4295 omnes,
963 4189 1104 4274 refert.
1160 4188 1322 4277 Crebro
1350 4187 1462 4275 circa
1489 4185 1579 4273 vias
1614 4186 1815 4304 pabulum
1854 4185 1995 4300 legere
2024 4189 2166 4273 obser·

473 4339 758 4440 retunsona
787 4343 902 4455 quod
929 4337 994 4426 ibi
1021 4339 1263 4458 coleoptera
1290 4339 1423 4456 magis
1452 4342 1663 4426 abundare
1692 4337 1842 4424 solent.
1910 4343 2054 4455 Equos
2095 4369 2168 4456 pa·

472 4519 568 4578 rum
593 4487 743 4599 timet,
773 4493 996 4580 terrefacta
1024 4514 1166 4582 aurem
1191 4523 1412 4612 creperum
1440 4523 1587 4580 sonum
1616 4492 1725 4597 edit,
1754 4492 1869 4577 unde
1896 4515 2056 4578 nomen
2084 4519 2167 4576 ros·

471 4640 609 4729 sicum
636 4663 681 4728 99
706 4641 1035 4732 malorossieum.
1105 4645 1240 4734 Nidus
1279 4644 1326 4732 in
1364 4643 1519 4732 mediis
1547 4643 1731 4761 campis;
1769 4675 1891 4732 ovum
1926 4641 2168 4760 gallinaceo

471 4791 641 4896 minus,
667 4793 875 4884 sordidius
911 4795 1074 4902 viride,
1114 4793 1252 4881 lituris
1291 4795 1612 4886 obsoletissimis
1655 4795 1971 4888 lutescentibua.
2040 4793 2166 4884 vivi·

474 4941 570 5036 dior
596 4969 643 5038 99
668 4945 905 5044 mordacior
930 4951 1073 5042 Tarda
1098 4970 1145 5040 et
1171 4947 1426 5044 canusima.
1479 4947 1660 5072 Laqueis
1689 4950 1884 5070 capitura
