4696 6054
1037 528 1185 587 ΕΞ
1443 633 1446 638 ¹
1564 637 1568 646 Δ
1868 547 1957 630 229

265 735 414 822 medio
457 733 562 848 Maji
612 737 840 820 adventant
877 735 1051 821 boream
1092 764 1234 821 versus
1275 734 1530 852 migrantes,
1597 743 1775 828 redeunt
1817 745 1961 834 medio

263 886 526 1004 Septembris
565 917 661 972 oum
701 889 847 1005 prole,
890 911 935 972 et
976 888 1151 1002 singulis
1194 889 1358 976 vicibus
1405 895 1579 978 duarum
1623 894 1963 1011 Septimanorum

263 1071 430 1127 moram
459 1041 632 1126 faciunt.
664 1095 713 1112 -
744 1050 793 1127 In
824 1041 1022 1129 Carolina
1050 1042 1125 1125 sub
1153 1041 1354 1132 nomine:
1406 1049 1527 1131 white
1555 1049 1718 1150 Brund,
1749 1047 1963 1164 hybernat

260 1217 308 1280 et
356 1193 592 1308 graminum
640 1195 852 1281 radicibus
900 1192 1010 1280 vivit
1024 1251 1039 1298 ,ι
1100 1193 1285 1282 maxime
1336 1197 1410 1286 ubi
1451 1202 1596 1287 adusta
1636 1223 1782 1320 prata3
1850 1223 1959 1292 teste

261 1352 476 1436 Bricbel
504 1358 606 1464 (not.
635 1353 728 1436 hist.
757 1354 808 1460 of
826 1352 1057 1460 carolino).

734 1698 850 1784 323.
925 1689 1194 1782 ANSER
1264 1693 1487 1784 Brento.

346 2019 350 2027 ν
399 1973 438 2054 A
470 2001 643 2090 corpore
673 1975 807 2077 fusco,
837 1970 979 2087 capite
1007 1973 1202 2086 colloque
1231 1973 1382 2089 nigris,
1410 1994 1565 2088 torque
1590 1973 1957 2060 maculoso-alba.

485 2123 694 2212 Brenthus
722 2123 1040 2240 colymboides‚
1071 2127 1243 2212 Gmelin.
1273 2159 1355 2212 sen.
1385 2127 1470 2212 obs.
1500 2127 1592 2209 MS.

479 2283 634 2364 Brenta
662 2284 921 2381 Auctorum‚
966 2286 1144 2364 Brisson.
1174 2311 1259 2365 orn.
1289 2283 1361 2365 Vl.
1395 2313 1436 2395 p.
1466 2291 1560 2382 3⁰4·
1591 2278 1677 2364 tab.
1708 2293 1773 2367 31.
1813 2280 1954 2366 Albin.

535 2463 602 2516 av.
631 2435 707 2517 ΠΙ.
737 2431 822 2516 tob.
854 2444 922 2537 93.
974 2431 1094 2516 Zool.
1125 2417 1272 2517 britan.
1301 2465 1344 2549 p.
1380 2443 1468 2518 151.
1496 2459 1561 2543 sp.
1591 2443 1630 2516 5.
1658 2432 1744 2518 tob.
1772 2433 1825 2548 Q.
1878 2437 1960 2518 La·
2077 2513 2079 2518 .
2228 2473 2232 2480 ²

538 2589 666 2671 tham.
695 2615 762 2669 ov.
792 2585 864 2667 VI.
892 2615 934 2698 p.
963 2596 1057 2696 467.
1087 2586 1127 2670 η’.
1157 2615 1226 2697 27⁴
1275 2585 1399 2668 Penn.
1425 2557 1548 2667 Zool}
1576 2601 1678 2668 aret.
1706 2586 1762 2667 ΙΙ.
1790 2617 1832 2696 p.
1863 2595 1964 2673 551.

533 2771 574 2825 n.
604 2751 699 2848 478.

479 2892 705 2994 Glaucius,
733 2893 887 2976 Frisclx.
917 2921 985 2976 av.
1019 2891 1103 2977 tob.
1139 2905 1228 2982 156.

480 3045 694 3149 Oratam,
722 3049 887 3156 Buffon.
917 3075 1003 3130 orn.
1031 3047 1106 3128 IX.
1135 3079 1175 3161 p.
1205 3059 1269 3156 87.
1298 3045 1518 3132 D’aubant.
1548 3051 1645 3162 pict.
1674 3076 1716 3130 n.
1752 3051 1847 3150 3422

370 3195 545 3282 Rossice
574 3199 630 3282 ad
656 3205 815 3283 Lenem
855 3196 972 3282 etin
1001 3178 1297 3284 Camtschatca
1324 3199 1483 3283 Ncmolr
1511 3197 1582 3282 vel
1608 3200 1770 3287 Nemlsa
1800 3201 1959 3309 (extra-

430 3359 556 3464 nea);
584 3349 801 3466 Petropoli
855 3327 1040 3436 Morslroi
1066 3352 1150 3434 Gtis
1180 3349 1383 3463 (marinus
1408 3357 1581 3467 Anser).

369 3503 526 3588 locutis
554 3506 890 3615 Chordyr-chds
918 3501 1063 3617 (niger¹
1088 3513 1240 3619 anser).

368 3654 557 3741 Lamutis
583 3658 797 3742 Karkaria.
854 3619 1052 3742 Coraecis
1085 3657 1380 3773 Wetsclulpool.

370 3805 706 3894 Camtschadalis
737 3807 885 3894 Tema.
943 3807 1100 3894 Curitis
1126 3811 1338 3925 Nubespu.

399 3967 451 4046 In
480 3959 638 4046 Sibiria
666 3963 721 4047 ad
748 3959 1018 4046 occidentem
1047 3966 1189 4046 Lenae
1218 3963 1263 4046 fl.
1290 3995 1497 4080 nusquam
1525 3963 1735 4069 occurrit,
1764 3962 1831 4049 ibi
1855 3990 1963 4050 vero

258 4111 485 4230 quotannis
513 4117 565 4199 ab
594 4111 757 4200 oriente
789 4144 845 4197 ex
874 4113 1073 4200 America
1099 4116 1291 4219 advolat,
1321 4123 1438 4232 Majo
1465 4147 1632 4222 mense,
1669 4139 1764 4233 post
1790 4138 1959 4232 ruptam

260 4267 309 4354 in
339 4267 470 4353 fluvio
498 4267 706 4381 glaciem,
758 4265 1101 4371 ultratacutiam
1129 4265 1176 4353 in
1205 4269 1336 4384 magis
1365 4270 1552 4356 borealia
1580 4269 1677 4355 loca
1704 4267 1956 4383 demigrans.

261 4425 478 4536 Frequens
506 4418 617 4507 circa
631 4425 850 4508 Oceanum
879 4419 1102 4536 glacialem
1129 4421 1241 4506 inter
1270 4429 1429 4507 Lenam
1459 4444 1502 4507 et
1520 4423 1770 4537 Covymam.
1826 4421 1956 4506 Vide·

259 4596 330 4658 tur
363 4571 521 4660 iisdem
557 4607 654 4662 curn
690 4581 746 4662 A.
786 4572 1053 4692 hyperboreo
1082 4572 1128 4659 in
1157 4573 1398 4690 regionibus
1433 4570 1686 4686 hybernare.
1718 4591 1721 4598 '
1754 4579 1807 4658 In
1836 4573 1961 4660 Cam-

258 4725 452 4814 tschatea
484 4725 613 4813 rarius
642 4728 755 4814 circa
782 4727 953 4812 boreale
980 4725 1314 4843 promontorium
1344 4726 1597 4814 Cronotskoi
1625 4746 1814 4842 apparet.
1883 4729 1958 4808 Er·

260 4879 395 4968 ratica
422 4877 637 4966 interdum
667 4879 779 4966 circa
808 4909 923 4965 mare
950 4879 1187 4966 balthicum
1214 4903 1258 4964 et
1278 4879 1409 4966 semel
1425 4877 1642 4995 Petropoli
1668 4878 1782 4968 Julio
1808 4907 1956 4966 mense

260 5031 309 5119 in
335 5034 427 5120 foro
453 5055 711 5149 prostantem
740 5031 856 5140 vidi,
885 5030 933 5118 in
966 5029 1131 5148 Ingriae
1161 5032 1384 5118 maritimis
1412 5054 1595 5148 captam.
