4778 6044
989 523 1136 576 ·-·=
1817 508 1904 610 367

213 719 305 824 ovi,
349 751 373 806 a
400 723 619 808 Stellero
652 725 782 834 (Nou.
813 727 928 810 Com.
957 723 1065 808 Petr.
1092 723 1165 807 IV.
1195 753 1235 837 p.
1265 734 1361 826 426.
1390 723 1476 811 tab.
1508 735 1575 810 30.
1594 726 1680 839 fig.
1712 739 1780 814 25.
1810 737 1901 838 26.)

212 873 385 976 tradita,
427 876 480 958 ad
510 875 667 960 dictam
696 876 836 991 potius
863 873 1010 960 Uriam
1037 874 1238 990 pertinet.

349 1027 462 1108 Not.
492 1027 815 1114 altiniensis
845 1029 1004 1114 collum
1030 1025 1162 1112 habet
1189 1027 1329 1140 nigro,
1360 1055 1593 1142 gryseoque
1622 1026 1901 1142 variegatam,

209 1177 399 1293 jugulum
428 1199 471 1260 et
498 1176 671 1264 initium
697 1177 882 1294 pectoris
908 1180 1027 1266 fusco
1054 1181 1324 1263 transversim
1360 1181 1624 1265 undulatum.
1697 1180 1926 1292 Palpebrs

209 1329 385 1414 inferior
414 1328 528 1432 alba,
587 1329 662 1414 vix
690 1330 737 1416 in
762 1329 909 1418 striam
937 1333 1077 1418 albam
1094 1429 1097 1436 ,
1115 1330 1383 1438 continuata3
1439 1331 1642 1448 pinnulae
1680 1333 1901 1447 elongatae

210 1481 332 1568 albae
360 1479 499 1566 adhuc
528 1484 691 1569 desunt.

929 1624 1193 1644 Μ

730 1729 951 1839 txvlu.
1017 1735 1065 1837 U
1098 1734 1139 1837 R
1172 1735 1195 1836 Ι
1229 1734 1272 1838 Α
1305 1733 1361 1837 Ε.

348 1925 474 2014 Uriae
502 1924 627 2012 facile
659 1925 974 2042 distinguuntur
1003 1932 1056 2015 ab
1085 1927 1207 2016 Alcis
1236 1951 1281 2012 et
1294 1925 1465 2031 Lundis‚
1496 1941 1674 2041 quorum
1702 1925 1901 2014 habitum

206 2077 455 2192 ceteroquin
495 2077 715 2164 imitantur
757 2108 889 2194 aeque
927 2111 977 2166 ac
1014 2103 1205 2164 naturam
1233 2103 1278 2162 et
1305 2106 1463 2173 mores,
1505 2101 1637 2164 rostro
1665 2083 1902 2168 minusculo

205 2231 434 2335 conoide0‚
477 2263 625 2346 parum
654 2261 892 2348 compresso
920 2255 965 2315 et
992 2261 1117 2348 saepe
1146 2233 1234 2316 fere
1263 2228 1487 2316 tetraonio.
1544 2235 1705 2317 Omnes
1733 2233 1900 2340 itidem,

203 2401 252 2464 ut
275 2379 402 2484 illae,
456 2407 546 2470 tota
575 2383 648 2468 die
676 2382 783 2468 mari
810 2383 1003 2468 innatant
1030 2379 1237 2498 gregatim
1264 2383 1334 2466 vel
1360 2413 1437 2498 per
1463 2381 1603 2498 paria,
1664 2383 1898 2486 urinantur,

203 2556 413 2648 noctuque
440 2535 486 2620 in
513 2535 666 2620 fissuris
693 2539 962 2652 scopulorum
989 2567 1034 2621 se
1067 2539 1329 2622 abscondunt
1365 2564 1661 2649 monogamae,
1718 2534 1900 2622 ibidem·

203 2715 286 2802 que
314 2685 576 2790 nidulantur,
635 2719 714 2772 ova
750 2687 935 2802 singula,
993 2720 1069 2804 pro
1107 2719 1181 2772 sua
1216 2689 1329 2772 mole
1357 2687 1635 2804 praegrandia
1664 2686 1890 2804 pariturae.

202 2838 393 2954 Species,
422 2861 588 2956 praeter
613 2841 757 2942 Allen,
787 2867 863 2954 per
889 2840 1034 2926 omnia
1063 2839 1217 2926 arctica
1247 2829 1390 2924 maria'
1406 2839 1647 2953 vulgarem,
1676 2869 1823 2926 omnes
1850 2839 1898 2926 in

202 2991 376 3078 Oceano
405 2989 602 3078 Sibiriam
631 3014 675 3075 et
705 2989 949 3080 Americam
977 2991 1233 3076 interluente
1261 2994 1384 3076 sedes
1413 2993 1607 3076 fixemnt.
1640 3045 1691 3061 -

413 3162 531 3274 418.
616 3153 818 3242 URlA
889 3155 1160 3244 seniculo.
1235 3153 1368 3242 TAB.
1444 3151 1686 3244 LXXXV.

337 3305 392 3384 U.
419 3325 595 3413 corpore
623 3327 746 3412 supra
777 3297 1092 3404 coerulescente
1120 3295 1263 3380 subtus
1292 3293 1440 3397 nives,
1498 3295 1682 3396 vertice,
1731 3295 1899 3384 cervice

201 3445 381 3564 gulaque
410 3450 528 3552 atris,
565 3447 754 3565 pinnulis
782 3446 953 3532 sericeis
982 3447 1091 3532 albis
1118 3445 1440 3563 superciliorum
1469 3469 1513 3532 et
1542 3447 1721 3534 cervicis

427 3602 640 3716 Mergulus
669 3599 853 3684 marinus
881 3599 1022 3714 niger,
1067 3621 1212 3685 ventre
1241 3601 1360 3702 albu,
1388 3597 1545 3713 plumis
1574 3587 1759 3716 angustis
1790 3601 1897 3690 albis

476 3755 655 3854 auritus,
713 3757 872 3839 Stellati
914 3753 1024 3867 apud
1049 3752 1398 3859 Kroscheninicof.
1441 3753 1571 3838 deser.
1615 3757 1892 3842 Camtscbatc.

473 3916 610 4022 (ruse.)
640 3911 673 3994 Ι.
704 3939 745 4022 p.
776 3919 870 3992 332.
1275 3997 1283 4012 .

417 4061 605 4146 Ancient
644 4059 767 4158 Auk,
822 4059 1018 4145 Pennant.
1047 4063 1162 4146 Zool.
1195 4075 1297 4144 arct.
1326 4055 1382 4138 11.
1413 4086 1452 4170 p.
1485 4065 1576 4141 512.
1605 4057 1795 4144 Lutbam.
1826 4091 1896 4147 ao.

476 4215 526 4296 V.
556 4245 596 4328 p.
629 4227 723 4300 326.
753 4243 792 4297 n.
829 4245 890 4296 ιο.

421 4362 531 4447 Alea
560 4363 752 4479 antiqua,
791 4366 962 4451 Gmelin.
990 4385 1097 4478 syst.
1125 4366 1180 4448 Π.
1209 4395 1250 4474 p.
1280 4375 1374 4450 556.
1401 4391 1465 4478 sp.
1502 4395 1564 4447 ιι.

311 4516 455 4604 Rossis
497 4514 716 4604 orientalis
757 4515 920 4603 Oceani
959 4516 1116 4600 accolis
1156 4517 1294 4601 Stant
1334 4517 1502 4624 (senex)
1538 4513 1609 4598 vel
1637 4517 1891 4604 Staritscholr

365 4669 642 4786 (seniculus).
718 4673 803 4755 Sub
844 4666 928 4754 hoc
964 4666 1136 4753 nomine
1179 4669 1356 4754 Tilesius
1390 4666 1436 4750 in
1470 4689 1596 4784 portu
1636 4671 1892 4754 Awatsclrae

365 4824 613 4910 varietatem
636 4821 847 4907 saniculae
874 4823 997 4907 dorso
1019 4817 1140 4934 nigro
1155 4819 1255 4904 albo
1265 4840 1466 4933 punctato
1481 4821 1723 4936 pedumque
1742 4818 1889 4934 digitis

365 4973 488 5094 nigro
516 4972 736 5080 maculatis
763 4971 1003 5064 observavit
1030 4994 1075 5058 et
1088 4968 1285 5088 depinxit
1303 4969 1349 5058 iu
1366 4971 1562 5059 leonibus
1577 4981 1655 5058 Au.
1672 4967 1890 5059 Camtsch.
