4778 6044
1001 521 1152 574 a
1833 521 1922 609 373

216 744 395 806 rostrum
423 743 468 805 et
495 723 639 807 oculos
661 715 863 837 'utrinque
892 725 1088 837 pinnulae
1109 717 1276 837 'aliquot
1303 743 1493 810 saracene
1506 781 1520 823 ,
1550 723 1693 829 albae,
1723 753 1907 842 sparsae,

190 879 360 989 eapite
400 873 630 987 longiores,
690 875 891 990 attiguae.
962 883 1031 978 In,
1053 869 1191 963 fronte
1226 875 1391 961 medius
1416 881 1647 986 fasciculus
1687 901 1849 964 erectus
1885 908 1914 964 e

214 1032 371 1152 plumis
400 1047 425 1118 3
452 1029 521 1113 vel
549 1047 589 1133 4.
619 1025 848 1138 similibus,
893 1031 1123 1148 elongatis,
1164 1029 1293 1114 fuscis
1320 1029 1391 1112 vel
1419 1027 1572 1142 nigris,
1627 1028 1748 1146 apice
1777 1029 1919 1115 incur·

208 1185 334 1272 ratis.
391 1163 505 1270 Pone
534 1179 617 1266 oris
644 1185 830 1296 angulos,
862 1187 938 1270 sub
966 1183 1103 1269 oeulis
1129 1205 1175 1268 et
1203 1185 1257 1266 ad
1285 1180 1502 1296 parotides
1529 1179 1683 1267 itidem
1704 1181 1912 1298 pinnulae

211 1367 402 1456 sparsae,
460 1335 680 1449 elongatae
724 1337 862 1443 albae,
921 1333 1192 1451 longissimae
1232 1332 1513 1420 suboculares.
1585 1336 1695 1421 Aloe
1730 1335 1912 1420 caudam

212 1493 458 1605 aequantes,
515 1483 795 1602 nigricantes‚
851 1488 1081 1604 remigibus
1123 1487 1243 1603 apice
1283 1487 1473 1572 exsoleta
1507 1483 1635 1570 litura
1672 1508 1912 1574 transverse

153 1693 158 1706 ,
208 1665 397 1729 notatae.
454 1643 649 1752 Remiges
673 1639 825 1754 viginti
855 1665 1047 1757 quatuor.
1104 1643 1308 1726 Reotrices
1344 1673 1405 1724 aa.
1434 1637 1729 1742 brevissimae,
1760 1669 1911 1756 aequa·

205 1795 296 1899 les,
324 1793 593 1906 nigricantes.
650 1793 780 1878 Pedes
807 1792 1040 1908 trid'actyli‚
1069 1815 1116 1878 ut
1142 1791 1339 1878 omnibus
1365 1789 1502 1893 Uriis,
1529 1791 1908 1897 latescente-fusci,

144 2007 149 2014 -
202 1955 444 2060 unguiculis
488 1940 686 2050 arcuatis,
743 1944 1031 2060 longiusculia
1100 1947 1281 2058 Digitus·
1315 1942 1501 2030 exterior
1542 1943 1731 2030 mediam
1756 1947 1916 2032 subae-

207 2129 365 2214 quans,
393 2097 607 2184 interioris
636 2098 844 2184 brevioris
873 2097 1025 2212 unguis
1053 2103 1200 2211 major.
1254 2098 1496 2181 Mensurae:
1538 2129 1562 2180 a
1590 2125 1755 2194 summo
1781 2117 1916 2182 rostro

207 2253 267 2336 ad
307 2250 559 2368 uropygium
603 2263 664 2337 6⁰.
707 2252 839 2336 ulnae·
877 2253 1039 2336 alarum
1075 2253 1141 2356 4‘'.
1182 2257 1250 2336 δ”.
1280 2249 1454 2332 'caudae
1502 2250 1558 2334 r''.
1602 2246 1672 2332 δ”.
1707 2246 1832 2333 rostri
1859 2249 1916 2333 acl

203 2405 394 2491 frontem
420 2406 490 2494 5‘''.
519 2405 572 2488 ad
600 2402 756 2489 rictum
785 2411 861 2516 7''‘..
883 2402 1026 2490 tibiae
1056 2413 1145 2488 rom.
1175 2401 1303 2516 digiti
1330 2397 1466 2484 medii
1495 2405 1612 2510 (cum
1640 2429 1778 2514 ungue
1799 2401 1915 2512 33'2)

211 2559 272 2642 s''.
303 2559 369 2644 3⁰2
411 2554 634 2642 exterioris
677 2560 807 2667 (curn
842 2585 981 2672 ungue
1013 2555 1114 2670 3”’,)
1149 2555 1305 2642 1‘'.a'''.
1345 2549 1565 2640 interioris
1608 2561 1733 2670 (cum
1768 2579 1914 2670 ungue

204 2709 328 2824 34⁹2)
371 2711 484 2806 sulm.
1508 2729 1513 2734 '

545 2986 667 3102 425.
739 2981 944 3072 URIA.
1014 2984 1246 3104 pusillo.
1300 2982 1570 3075 TAaxo.

347 3168 400 3252 U.
443 3189 578 3254 rostro
619 3169 771 3256 couico
813 3167 957 3284 nigro,
1020 3197 1196 3284 corpore
1240 3199 1363 3284 supra
1403 3168 1553 3284 nigro,
1608 3169 1756 3254 subtus
1781 3168 1906 3276 albo,

200 3314 326 3400 fusco
355 3318 590 3434 variegato,
633 3323 774 3409 fronte
802 3319 1076 3438 brachiisque
1104 3321 1203 3408 albo
1231 3319 1403 3408 notatis.

429 3471 580 3586 Pigrny
607 3477 732 3578 nuk,
787 3477 909 3561 Peon.
940 3475 1060 3563 Zool·
1088 3495 1191 3562 oret.
1218 3477 1275 3560 Π.
1303 3505 1345 3590 p.
1376 3489 1474 3565 513.
1501 3505 1544 3561 n.
1571 3487 1668 3583 431.
1710 3475 1909 3562 Lathm

491 3653 558 3707 aar.
589 3626 638 3710 V.
672 3659 713 3742 p.
744 3639 837 3712 aaa.
869 3659 907 3712 n.
944 3657 1010 3711 ra.

427 3773 537 3862 Alea
564 3805 771 3893 pygmea,
825 3779 997 3863 Gmelin.
1027 3799 1130 3891 syst.
1158 3782 1214 3862 Π.
1245 3813 1285 3893 ρι
1317 3793 1410 3867 565.
1439 3809 1502 3897 sp.
1538 3813 1606 3867 ra.

347 3925 472 4015 Circa
501 3929 840 4017 Camtschatcani
868 3929 914 4015 in
941 3928 1086 4017 littore
1120 3927 1321 4016 orientali
1359 3930 1558 4046 rupestn',
1614 3951 1659 4016 et
1684 3928 1731 4016 in
1758 3961 1907 4050 seopu-

195 4079 260 4170 lis
290 4081 535 4169 observatur
569 4107 614 4170 et
648 4082 821 4171 nomine
858 4085 1086 4171 vernaculo
1112 4113 1209 4169 curn
1236 4081 1595 4201 praecedentibus
1617 4084 1905 4174 confunditur.

194 4235 344 4324 Ovum
371 4237 539 4322 sordide
569 4238 737 4346 album,
773 4237 1018 4326 columbino
1047 4238 1236 4354 aequale.

345 4389 520 4476 Descr.
573 4393 822 4506 Magnitudo
861 4394 957 4478 fere.
990 4391 1101 4477 infra
1142 4389 1435 4479 coturnicem.
1511 4393 1675 4480 Habitu
1712 4392 1907 4512 eorporis

191 4571 364 4646 crasso,
422 4540 543 4627 brevi
583 4543 855 4660 praecedenti
895 4543 1129 4632 simillima.
1212 4546 1405 4630 Rostrum
1439 4544 1632 4661 plumosa
1673 4546 1767 4632 bosi
1805 4579 1900 4664 pro·

190 4693 541 4798 ductiusculum,
583 4693 723 4811 ipsum
748 4699 877 4782 breve
906 4699 1191 4783 subarrectum
1217 4695 1383 4812 nigrum
1390 4759 1409 4798 ,
1461 4695 1741 4806 conoideum,
1776 4701 1905 4816 apice

189 4875 492 4959 compressum
518 4868 563 4931 et
587 4847 783 4962 utrinque
811 4849 1222 4964 subamarginatnm,
1262 4849 1382 4936 sulco
1407 4847 1602 4936 obsoleto
1626 4852 1712 4936 sub
1732 4857 1905 4943 naribus

187 4996 437 5094 linearibus
494 4999 822 5115 longitudinali,
887 5005 1123 5092 secundum
1170 5003 1312 5120 ipsam
1360 5001 1551 5090 casinam
1601 5009 1902 5096 lassescentem.
