4734 6070
461 487 548 574 170
1223 475 1369 529 ΕΞ

453 725 584 812 quam
624 691 669 778 in
710 673 1049 779 Camtsclratcam
1089 679 1279 782 veniret;
1323 675 1388 766 ibi
1427 685 1538 763 vero'
1569 699 1769 762 autumno
1776 737 1791 776 ,
1830 707 1960 793 quum
1986 681 2142 766 baccae

456 848 661 966 palustres
704 860 1011 940 maturescunt,
1069 835 1240 952 copiose
1284 832 1482 918 advolant
1523 855 1567 918 et
1607 832 1653 916 in
1692 829 1861 917 erieetis
1887 830 2000 918 circa
2029 861 2143 919 mare

458 1021 672 1086 versantur
700 995 774 1080 ubi
801 991 1048 1111 praesertim
1077 985 1269 1104 Empetri
1296 983 1437 1070 baccis
1464 983 1742 1070 vehementer
1768 985 2044 1090 delectantur,
2071 1017 2146 1072 un·

454 1155 510 1238 de
551 1171 821 1238 excrementa
862 1144 1066 1229 violacea.
1137 1141 1251 1225 Nive
1295 1139 1408 1226 circa
1449 1139 1637 1226 medium
1679 1137 1879 1224 Octobris
1917 1137 2144 1226 decidente

453 1303 649 1420 migrant,
683 1331 782 1388 vero
810 1296 1030 1386 simillime
1058 1323 1198 1378 versus
1228 1295 1388 1378 Insulas
1417 1315 1461 1378 et
1491 1290 1743 1379 Americnm.
1801 1291 1911 1377 Hinc
1941 1315 2142 1380 autumno

453 1455 777 1573 pinguissimae,
806 1451 1120 1564 maximamque
1150 1447 1259 1563 apud
1288 1447 1467 1561 gentiles
1495 1448 1664 1532 laudem
1692 1473 1894 1548 meruere,
1924 1469 1973 1531 ut
2000 1448 2053 1532 de
2080 1446 2146 1531 in·

453 1607 612 1696 dustria
640 1637 808 1725 quoque
837 1603 986 1722 positis
1016 1599 1178 1716 laqueis
1207 1600 1446 1714 frequentes
1474 1599 1657 1716 capiant.
1714 1603 1856 1683 Mores
1883 1603 2111 1712 Arquatae.

593 1765 770 1848 Descr.
825 1759 949 1842 Adeo
977 1751 1129 1840 similis
1162 1757 1395 1868 Arquatae,
1425 1775 1472 1838 ut
1499 1783 1627 1838 ovum
1656 1780 1766 1856 ovo,
1795 1774 1840 1836 et
1867 1753 1955 1836 fere
1982 1752 2147 1838 diceres

454 1912 704 2000 varietatem
749 1933 952 2009 staturae3
995 1927 1059 1990 est
1088 1903 1203 1988 enim
1231 1905 1356 1990 tertia
1385 1929 1504 2022 parte
1534 1905 1695 1992 minor:
1737 1927 1953 2020 rostroque
1980 1927 2151 1990 tantun·

454 2069 554 2154 dem
581 2065 803 2164 breviore;
853 2063 928 2146 sed
954 2061 1111 2174 pedum
1139 2059 1283 2171 digitis
1312 2067 1513 2172 majorem
1540 2059 1615 2144 vix
1643 2089 1728 2144 non
1756 2079 1934 2174 aequat,
1976 2087 2151 2174 propor-

454 2219 574 2305 tione
603 2217 747 2334 itaque
777 2211 1016 2322 majoribus.
1087 2213 1195 2298 Aloe
1223 2221 1386 2325 spuriae
1417 2211 1555 2299 minus
1583 2213 1824 2312 exsulatus,
1872 2239 2151 2328 pennaeque

453 2400 597 2458 earum
626 2401 711 2458 non
739 2367 920 2456 detritae
949 2364 1069 2482 apice
1111 2371 1195 2477 (zut
1221 2393 1386 2482 semper
1421 2371 1676 2480 Arquataes)
1720 2367 1795 2450 sed
1835 2361 2150 2478 integerrimae,

453 2523 691 2628 molliores,
748 2545 926 2635 utroque
970 2518 1159 2632 margine
1199 2518 1375 2602 maculis
1412 2547 1436 2602 e
1479 2547 1628 2634 gryseo
1671 2519 1805 2632 magis
1846 2515 2153 2604 lutescentibus

452 2677 708 2794 pectinatae.
780 2677 943 2790 Unguis
980 2671 1144 2758 medius
1179 2671 1270 2757 basi
1309 2673 1534 2758 introrsum
1562 2672 1638 2758 vix
1664 2673 1879 2760 contritus.
1965 2669 2153 2786 Reliqua

457 2826 691 2916 simillima.
748 2825 893 2914 Rostri
919 2823 1142 2939 longitudo
1171 2827 1224 2910 sd
1253 2839 1276 2914 5
1301 2824 1406 2942 poll.
1436 2853 1532 2912 cum
1559 2823 1606 2910 in
1632 2831 1821 2942 Arquata
1848 2852 1974 2941 saepe
2001 2823 2150 2940 7poll.

454 3003 636 3097 superet.

591 3133 704 3221 Not.
761 3137 901 3220 Auem
930 3129 1288 3222 Camtschatioam
1314 3163 1400 3220 non
1428 3133 1536 3235 vidi,
1563 3137 1639 3222 sed
1667 3137 1893 3222 Stellero
1922 3133 2025 3218 fides
2054 3159 2150 3222 esse

454 3287 594 3392 debet,
625 3288 806 3372 eandem
832 3317 927 3372 cum
962 3285 1249 3398 Willugbeano
1277 3315 1381 3373 esse.
1438 3289 1477 3371 F
1479 3294 1668 3374 rischii
1695 3289 1793 3375 icon
1823 3301 1908 3400 (uu.
1924 3287 2009 3372 rab.
2030 3299 2148 3405 aas.)

454 3438 593 3526 minus
621 3469 717 3526 cum
744 3462 885 3526 nostra
912 3437 1140 3538 convenit,
1167 3438 1300 3554 magis
1328 3439 1564 3556 variegata;
1595 3465 1812 3560 rostroque
1841 3440 2149 3530 arcuatissimo.

649 3807 656 3822 ⁹
796 3882 999 3995 xuvu.
1064 3881 1897 3992 scotoracus¹

1164 4165 1427 4186 ῌ

593 4355 904 4475 Epartialibus
931 4357 1126 4447 methodi
1153 4357 1310 4478 regulis
1337 4363 1448 4478 apud
1485 4363 1550 4448 uz.
1593 4363 1869 4450 Liunosum
1907 4357 1953 4446 in
1983 4363 2150 4450 Gralla-

453 4537 547 4598 mm
576 4511 769 4599 affinibus
795 4511 1016 4628 generibus
1045 4515 1149 4598 mira
1182 4539 1274 4600 orta
1302 4537 1366 4601 est
1393 4511 1595 4601 confusio.
1660 4521 1751 4600 lam
1780 4547 1902 4633 supra
1929 4513 2148 4602 indicavi-

453 4692 545 4750 mus
571 4666 712 4792 plures
741 4663 1020 4770 Charadrios,
1049 4691 1222 4784 propter
1249 4669 1406 4788 postici
1433 4667 1561 4784 digiti
1590 4670 1840 4787 vestigium,
1868 4671 1921 4756 ad
1949 4675 2147 4784 Tryngas

451 4820 507 4904 nb
535 4817 614 4904 illo
641 4819 818 4924 relatas,
873 4820 1024 4936 quibus
1051 4821 1194 4909 rostris
1220 4847 1265 4909 et
1291 4822 1443 4909 habitu
1468 4847 1565 4910 sunt
1592 4821 1881 4910 dissimillimi.
1963 4817 2148 4906 Videbi-

451 4991 544 5058 mus
570 4993 864 5088 postestates
898 4979 1087 5092 Tryngss
1113 4979 1169 5066 ob
1203 4979 1418 5068 defectum
1455 4976 1584 5096 digiti
1621 4976 1778 5096 postici
1805 4977 1859 5066 ad
1887 4971 2151 5072 chnadsios
