4778 6044
968 437 1117 524 ²⁸¹⁸-—
1456 473 1463 482 ·
1794 431 1891 519 281-

197 647 363 760 nigrum
405 641 575 758 copiose
616 635 845 754 hybernat,
902 659 947 724 et
985 669 1082 724 cum
1123 639 1344 728 Boschade
1372 665 1416 730 et
1443 647 1656 763 Penelope
1685 677 1708 732 e
1736 646 1885 764 primis

197 797 310 884 redit
348 795 395 880 in
435 818 579 880 terras.
652 793 809 877 Nidum
849 791 962 878 intus
991 792 1139 878 sternit
1165 795 1365 908 lanugine
1393 810 1562 914 propria
1589 803 1722 904 fusca,
1779 833 1887 917 quae

196 948 503 1050 teneritudine,
531 943 705 1032 levitate
734 968 777 1029 et
804 946 1055 1034 clasticitate
1087 947 1297 1062 pretiosae
1326 953 1376 1034 Α
1405 951 1664 1038 marinarum
1691 954 1884 1068 lanugini

195 1099 441 1215 neutiquam
472 1098 601 1184 cedit.
656 1099 791 1184 Nidus
818 1099 865 1183 in
894 1099 1016 1218 ripis,
1058 1099 1169 1185 inter
1197 1101 1392 1203 frutices,
1437 1105 1699 1218 econgestis
1729 1105 1885 1207 herbis,

197 1255 285 1360 cui,
316 1276 363 1339 ut
391 1282 673 1367 congerierum
700 1251 929 1368 plurimae,
970 1277 1147 1338 extenso
1176 1254 1289 1338 collo
1315 1255 1525 1341 incumbit
1553 1259 1757 1359 foemina,
1794 1289 1887 1375 pro-

199 1409 397 1520 ximeque
426 1401 614 1491 admittit
641 1401 862 1487 hominem
888 1404 1147 1512 immobilis,
1178 1428 1226 1490 ut
1253 1408 1385 1491 fallat.
1443 1412 1536 1494 Ova
1563 1409 1787 1522 albissima,
1820 1413 1888 1496 vel

198 1559 381 1676 pallida,
425 1585 549 1671 saepe
579 1558 632 1638 ad
659 1590 703 1664 9,
747 1555 1037 1670 magnitudine
1067 1581 1110 1644 et
1140 1557 1248 1644 facie
1278 1560 1629 1672 gallinaceorum,
1669 1565 1797 1676 longa
1826 1568 1888 1648 n‘'.

200 1712 408 1798 diametro
455 1708 508 1794 1“.
551 1708 621 1795 5''‘.
706 1705 883 1793 Stultior
923 1709 1041 1812 aliis,
1097 1710 1267 1826 copiose
1308 1711 1354 1796 in
1383 1711 1491 1797 retia
1530 1712 1720 1801 involare
1765 1718 1885 1803 solet.

199 1869 317 1952 Mare
347 1863 587 1975 frequentat
617 1859 842 1976 gregatim,
872 1861 1105 1977 tranquilla
1127 1884 1378 1979 tempestate
1407 1865 1582 1954 vocibus
1596 1899 1683 1955 non
1704 1869 1888 1955 inamoe-

196 2016 264 2120 nis
290 2014 533 2104 concinens.

335 2172 509 2254 Descr.
564 2169 813 2281 Magnitudo
841 2168 950 2254 infra
978 2166 1265 2274 Boschadem,
1323 2173 1488 2258 habitus
1514 2177 1649 2261 multo
1678 2177 1886 2292 gracilior,

203 2325 401 2438 colloque
429 2319 621 2434 longiore
650 2341 692 2404 et
722 2322 966 2436 praetenui,
1024 2323 1156 2439 magis
1184 2353 1310 2437 quam
1338 2323 1384 2408 in
1411 2327 1498 2409 ulla
1528 2326 1611 2410 alia
1638 2359 1887 2445 congenere,

201 2478 314 2562 unde
343 2476 399 2560 ob
428 2476 618 2560 colorum
647 2471 978 2586 variegationem
1006 2500 1050 2562 et
1076 2480 1253 2561 caudam
1282 2477 1521 2590 elongatam
1551 2481 1771 2567 Germanis
1799 2491 1889 2597 jure

198 2635 249 2716 A.
277 2624 576 2745 phasianoides
605 2626 828 2743 appellata.
888 2633 1080 2716 Rostrum
1105 2627 1294 2742 longius,
1339 2629 1524 2743 nigrum,
1568 2664 1662 2718 area
1692 2635 1888 2750 utrinque

198 2781 510 2868 coerulescente
540 2783 592 2866 ab
620 2809 758 2893 ungue
787 2780 1111 2894 longitudinali‚
1165 2810 1308 2865 versus
1336 2781 1456 2866 basin
1490 2785 1742 2886 latescente,
1798 2790 1890 2872 sub·

200 2924 461 3048 tria'r'i'gulari.
516 2935 647 3020 Irides
676 2933 832 3018 fuscae.
890 2937 1028 3048 Caput
1054 2965 1151 3020 cum
1178 2932 1306 3019 initio
1333 2933 1438 3021 colli
1468 2937 1890 3052 fuliginoso-fuscum

198 3109 353 3176 tractus
379 3085 624 3201 temporalis
653 3087 888 3172 virescente
917 3087 1102 3188 nitidus,
1130 3092 1273 3198 fascio
1301 3086 1728 3206 longitudinalis'per
1758 3095 1890 3175 cervi-

199 3273 295 3327 cem
322 3237 462 3352 nigra,
491 3243 719 3326 secundum
749 3271 874 3355 quam
903 3239 1100 3357 utrinque
1120 3249 1227 3325 uitta
1240 3239 1337 3322 alba
1366 3269 1506 3325 versus
1534 3264 1662 3357 caput
1690 3241 1890 3328 excurrit.

199 3395 350 3480 Subtus
378 3421 527 3508 corpus
557 3393 718 3499 album,
763 3402 934 3478 crissum
961 3414 1114 3498 atrum,
1144 3416 1323 3505 utroque
1354 3393 1543 3506 margine
1572 3397 1728 3479 album.
1787 3396 1892 3478 Dor-

198 3579 289 3632 sum
316 3575 422 3632 cano
451 3549 650 3662 fuscoque
680 3546 894 3660 eleganter
921 3547 1184 3630 undulatam.
1255 3549 1363 3630 Alae
1390 3555 1554 3661 spuriae
1582 3546 1746 3662 nigrae,
1786 3577 1892 3632 cano

202 3702 381 3814 alboque
424 3699 624 3814 virgatae.
706 3703 813 3784 Alae
853 3729 1000 3803 canae,
1058 3705 1222 3815 speculo
1263 3726 1317 3781 ex
1362 3699 1623 3784 atro-viridi
1652 3721 1696 3784 ct
1736 3728 1892 3814 cupreo
1931 3683 1934 3692 ¹

199 3853 408 3952 variante,
436 3883 558 3968 supra
585 3851 778 3966 infraque
808 3850 950 3965 nigro,
982 3849 1120 3934 antica
1149 3847 1390 3962 ferrugineo
1419 3847 1590 3969 postiae
1613 3853 1712 3936 albo
1742 3851 1895 3964 margi·

199 4029 312 4092 nato.
380 4009 528 4093 Coudo
557 4005 1062 4101 rotundam-canescens,
1103 4004 1342 4089 rectricibus
1368 4023 1406 4108 4.
1437 4001 1592 4088 mediis
1619 4001 1894 4116 longissimis,

202 4157 473 4261 acuminatis,
504 4157 650 4272 nigris.
709 4159 837 4244 Pedes
863 4156 1177 4243 coerulescenre
1192 4205 1207 4219 ·
1222 4152 1356 4271 nigri,
1398 4187 1531 4268 ungue
1563 4145 1706 4240 medio
1735 4178 1893 4240 extror-

202 4345 293 4398 sum
321 4311 508 4397 incurvo.
565 4311 731 4398 Pondus
760 4333 802 4404 st
829 4313 880 4396 ad
911 4339 953 4410 a}
980 4307 1077 4394 libr.
1147 4309 1365 4394 Mensurae
1394 4309 1447 4392 ad
1476 4309 1725 4423 uropygium
1763 4317 1806 4393 r'.
1838 4319 1893 4394 6⁰.

201 4469 269 4553 6'“.
298 4464 420 4549 rostri
449 4464 505 4548 a'.
534 4464 604 4550 a'‘'.
635 4469 743 4578 (ejus
771 4463 953 4549 latitudo
981 4467 1067 4572 9'“.)
1097 4462 1258 4546 caudae
1287 4459 1333 4545 in
1363 4490 1477 4545 mare
1506 4465 1562 4546 6''.
1581 4469 1648 4572 7''‘.
1680 4451 1911 4544 foeminae'

201 4621 259 4706 δ”.
297 4618 387 4703 nm.
417 4616 617 4702 tibiarum
654 4619 706 4702 1''.
738 4627 809 4726 9'''.
839 4614 966 4732 digiti
995 4612 1128 4700 medii
1158 4612 1212 4701 n‘'.
1243 4625 1310 4702 3⁹2
1380 4616 1571 4700 (ienitate
1602 4611 1779 4701 masculi
1807 4637 1898 4697 orn·

197 4768 319 4858 nium
349 4769 600 4870 maximum,
631 4793 849 4860 extensum
880 4797 1010 4883 usque
1039 4771 1091 4854 ad
1123 4766 1339 4885 6pollices
1367 4768 1565 4880 longum,
1595 4761 1781 4852 crassitie
1811 4766 1897 4850 fere

201 4921 358 5010 calami
388 4923 623 5040 scriptorii,
652 4923 697 5010 in
711 4925 827 5011 laxas
842 4924 973 5042 spiras
991 4943 1248 5024 contortum,
1282 4917 1395 5034 rugis
1419 4917 1593 5032 argutis,
1623 4919 1897 5032 subobliquis,

1407 5085 1459 5158 36
