4696 6054
481 484 572 552 220
1242 471 1389 536 π

484 717 634 810 grysso
648 741 662 758 ·
676 685 832 777 albidis
861 707 1138 810 squamatum.
1205 685 1358 774 sabaa
1384 713 1534 804 corpus
1560 683 1770 774 sordidius
1799 686 1968 790 album,
2021 684 2163 774 cinera-
2308 779 2309 790 Ν

485 867 629 932 scente
657 845 922 944 nebulosum,
956 843 1269 960 hypochondric
1296 843 1420 928 dorso
1447 837 1702 946 concoloria,
1731 838 1966 954 variegata,
1993 849 2163 948 cussum,

484 995 617 1084 latera
657 997 855 1114 uropygii
867 1060 882 1099 ,
937 995 1218 1114 testricesque
1259 997 1418 1086 caudae
1457 990 1686 1084 albissima.
1754 995 1863 1079 Aloe
1890 993 2064 1095 caudam
2090 1024 2167 1080 nou

487 1172 739 1264 aequantes,
783 1153 926 1238 subtus
957 1153 1216 1236 luscescente
1244 1178 1392 1235 canae:
1446 1153 1621 1259 remiges
1649 1159 1716 1233 as.
1744 1146 1906 1251 fuscae,
1949 1142 2168 1234 rhacbibus

486 1303 607 1404 olbis,
637 1325 722 1389 tres
751 1327 944 1390 extremo
974 1323 1232 1420 angustatus,
1258 1301 1420 1386 extima
1447 1323 1539 1386 toto
1568 1299 1781 1388 exteriore
1812 1297 1975 1384 vexillo
1995 1321 2169 1414 anguste

490 1457 694 1544 Tectriccs
731 1457 983 1544 luscescenti
998 1509 1011 1524 ·
1025 1483 1156 1544 canae
1169 1516 1183 1556 ‚
1230 1451 1502 1540 secundariae
1541 1453 1731 1570 margine
1766 1449 1986 1538 terminali
2022 1451 2169 1538 albido.

484 1609 689 1696 ductrices
735 1622 796 1697 ιδ.
835 1614 1060 1698 subacutae
1101 1609 1148 1695 in
1187 1609 1321 1694 cauda
1360 1609 1612 1714 rotundato,
1663 1606 1968 1710 luscescentes,
2015 1603 2169 1692 mediae

488 1759 610 1878 apice
639 1763 775 1848 albae.
832 1766 962 1852 Pedes
989 1762 1192 1850 coccineo
1220 1759 1348 1864 rubri,
1379 1761 1450 1846 vel
1479 1789 1504 1845 e
1533 1760 1652 1846 fusco
1667 1761 1965 1846 -rutescentea
2022 1759 2175 1846 Pondus

487 1911 629 1999 librar.
657 1913 801 2001 russie.
829 1938 929 2003 octo
956 1919 1025 2003 vel
1052 1916 1176 2001 ultra.
1220 1915 1448 2000 ‘Mensurae
1477 1915 1531 1998 ab
1562 1912 1685 2030 apice
1713 1909 1838 1998 rostri
1857 1911 1913 1998 ed
1929 1909 2175 2027 uropygium

487 2097 510 2152 s
538 2067 639 2182 ped.
676 2103 690 2150 r
722 2068 827 2184 poll.
857 2095 882 2188 a
908 2097 1071 2155 summo
1100 2088 1232 2154 rostro
1260 2067 1314 2152 ad
1341 2062 1540 2151 humeros
1575 2073 1618 2150 ι’.
1649 2074 1708 2154 s“.
1737 2066 1810 2154 dm·
1839 2066 2004 2151 caudae
2029 2066 2089 2150 5''.
2110 2063 2174 2150 6⁶2

485 2217 608 2304 rostri
637 2221 690 2306 ad
718 2221 882 2338 plumas
909 2221 1059 2309 frontis
1089 2227 1146 2306 2⁰.
1176 2235 1246 2328 9''¹.
1292 2221 1453 2304 alarum
1493 2215 1699 2336 expansio
1727 2215 1781 2324 4'.
1809 2225 1876 2325 4”.
1905 2217 1980 2325 9''‘.
2008 2215 2106 2302 ulus
2135 2225 2175 2300 r'.

485 2373 550 2464 δ”.
585 2377 651 2480 9”.
679 2375 887 2462 femorum
916 2376 976 2480 42
1004 2377 1073 2481 4”.
1103 2403 1198 2490 pars
1225 2373 1338 2462 nuda
1365 2372 1437 2482 9’”.
1475 2368 1679 2460 tibiarum
1707 2374 1767 2460 a‘'.
1800 2405 1860 2458 rr.
1892 2367 2026 2487 digiti
2052 2365 2177 2456 medii
2309 2395 2310 2488 j

488 2529 605 2637 (cum
633 2553 772 2644 ungue
801 2531 894 2644 sm.)
922 2531 979 2616 δ”.
2309 2497 2310 2502 i

599 2841 650 2980 βΙΙ
676 2835 866 2922 Varistae
894 2838 1131 2942 domestico,
1161 2863 1288 2955 saepe
1315 2837 1466 2922 decem
1494 2834 1623 2924 libras
1651 2865 1862 2954 superans,
1889 2833 2035 2922 colore
2061 2859 2177 2952 saepe

490 3005 775 3102 spontaneae,
827 2986 992 3106 saepius
1020 2989 1173 3094 niveo,
1228 2989 1274 3078 in
1303 2989 1477 3077 Rossiae
1504 2987 1754 3076 australibus
1782 3017 1807 3074 e
1835 2986 1981 3074 Persia
2009 2991 2177 3090 advena,

489 3157 534 3222 et
560 3137 606 3224 in
636 3135 818 3226 Sibiriae
844 3144 1267 3232 transba'r'calensibus
1306 3140 1550 3258 regionibus
1578 3170 1603 3228 e
1633 3139 1775 3230 China
1803 3142 1971 3247 adlata,
2014 3139 2178 3258 copiose

488 3321 600 3378 nunc
642 3291 810 3380 colitur.
877 3301 1016 3413 Major
1058 3321 1102 3382 et
1142 3295 1419 3414 ponderosior
1458 3323 1623 3413 semper
1666 3317 1899 3412 spontaneo
1939 3317 1989 3382 et
2025 3301 2179 3380 Ansere

493 3445 658 3560 vulgari
669 3506 684 3547 ,
753 3475 937 3564 quocum
975 3471 1124 3568 sponte
1164 3449 1384 3564 copulatur
1425 3469 1470 3534 et
1507 3451 1674 3566 prolem
1712 3447 1942 3564 hybridam
1982 3449 2178 3564 grandem

488 3595 628 3712 gignit
638 3659 653 3698 ,
693 3599 818 3686 matri
856 3600 1133 3705 similiorem,
1176 3629 1319 3716 gressu
1360 3603 1550 3708 tardam,
1591 3625 1726 3690 rostro
1753 3603 2033 3689 subtuberoso
2060 3601 2179 3686 rubro

486 3749 558 3834 vel
587 3749 828 3872 seminigro,
858 3753 994 3872 ipsam
1023 3784 1192 3874 quoque
1222 3755 1475 3842 foecundam
1507 3783 1767 3870 generosam,
1796 3783 2052 3873 pugnacem,
2080 3775 2178 3868 quae

494 3901 668 4011 Rossis,
721 3908 969 4022 praesertim
996 3906 1251 3994 Tulensibus
1278 3907 1325 3996 in
1352 3907 1585 3994 certamina
1611 3905 2062 4012 ludicrasdhibetur,
2105 3901 2180 3990 sin·

489 4057 589 4171 gulo
625 4053 733 4144 msr'i
766 4058 912 4147 addita
947 4059 1157 4168 foemina,
1207 4091 1316 4176 quae
1350 4091 1462 4180 pone
1498 4084 1756 4179 pugnantem
1793 4065 1987 4167 adstans,
2028 4059 2180 4147 collum

490 4213 615 4296 dorso
643 4209 769 4300 maris
795 4212 1016 4332 imponere
1045 4238 1090 4302 et
1117 4245 1224 4302 voce
1251 4213 1376 4302 illum
1404 4213 1591 4302 excitare
1620 4216 1741 4302 solet.
1784 4212 2032 4330 Cygnoides
2066 4237 2179 4298 verus

490 4362 772 4473 domesticus,
819 4369 1068 4486 praesertim
1103 4367 1290 4456 seniores
1330 4398 1490 4476 mares,
1545 4369 1773 4456 admodum
1801 4366 2024 4455 difformes
2051 4365 2180 4454 tubere

488 4515 613 4602 rostri
641 4521 892 4607 subfrontali
917 4513 1198 4640 subglobosa',
1252 4531 1411 4640 paleari
1447 4523 1570 4640 gulae
1597 4519 1787 4640 pendulo
1815 4543 2019 4626 cutacao,
2075 4523 2180 4638 plica

489 4695 615 4790 saepe
643 4669 731 4758 alvi
756 4675 969 4792 pendula,
1024 4677 1162 4767 cnudo
1196 4699 1388 4764 surrecta.
1458 4674 1545 4792 Qui
1573 4673 1671 4763 albo
1712 4697 1809 4762 sunt
1835 4676 1978 4764 colore
2007 4695 2180 4760 rostrum

489 4825 702 4942 pedesque
731 4827 848 4916 fulvo
876 4833 999 4918 rubra
1025 4829 1200 4932 habent,
1228 4829 1303 4950 qui
1328 4832 1472 4919 colora
1501 4829 1737 4948 spontanei,
1766 4828 1899 4943 nigra.
1955 4831 2007 4914 In
2030 4825 2177 4914 Gilmo

490 4975 658 5064 Persiae
686 4979 882 5070 dicuntur
906 4985 1003 5103 plus
1030 5015 1113 5072 una
1141 4983 1236 5074 rice
1263 5013 1340 5106 per
1368 5003 1572 5072 aestatem
1598 4984 1739 5102 pullos
1766 4983 1961 5074 educare.
