4778 6044
369 451 381 466 ·
505 433 596 516 300
1278 433 1426 490 r==

503 656 750 752 appareant,
781 655 826 718 et
854 630 996 718 medio
1023 629 1127 716 Julii
1152 629 1364 748 pullorum
1393 627 1782 731 stolidissimorum,
1814 629 1862 718 in
1890 630 2019 718 crism
2045 641 2172 724 reden

502 783 633 890 tium,
674 783 872 871 examine
900 807 1038 870 tectae
1067 806 1187 884 sunt,
1227 783 1303 870 ubi
1330 781 1521 868 manibus
1549 782 1675 868 facile
1704 782 1945 899 capiuntur,
1984 781 2083 872 licet
2107 789 2195 876 alis·

500 945 584 1052 jam
613 935 827 1055 pennatis,
860 959 904 1022 et
932 967 956 1022 e
985 935 1158 1053 rupibus
1192 939 1382 1051 dejectae
1407 958 1553 1020 natent
1566 957 1689 1050 atque
1701 933 1921 1022 utinentur
1934 935 2174 1026 doctissime.

640 1091 812 1176 Descr.
855 1091 1142 1202 Magnitudiue
1170 1087 1302 1205 priori
1329 1089 1579 1204 plerumque
1606 1117 1692 1174 non
1721 1085 1858 1190 cedit,
1911 1085 2015 1173 licet
2041 1090 2178 1176 dentur

502 1240 686 1328 minores
715 1265 759 1327 et
786 1243 950 1358 pondus
977 1272 1073 1326 cum
1102 1239 1393 1354 magnitudine
1422 1269 1555 1354 aeque
1583 1237 1732 1325 variet.
1790 1242 1911 1344 Lora,
1944 1271 2041 1326 areo
2052 1243 2179 1328 oculo

502 1425 595 1478 rum
622 1416 666 1479 et
688 1403 792 1508 gulo
821 1395 933 1478 nuda
941 1456 954 1494 ,
998 1392 1461 1479 livido-flavescentia.
1537 1395 1675 1507 Caput
1701 1391 1943 1508 collumque
1971 1393 2180 1480 lusco-ni·

503 1545 688 1660 grisant,
735 1545 847 1631 circa
874 1549 1016 1661 gulam
1044 1546 1204 1631 circulo
1234 1543 1460 1631 albicante.
1528 1547 1655 1631 Dorsi
1680 1543 1850 1659 plumae
1878 1541 1996 1629 utin
2025 1575 2183 1661 praece·

504 1698 649 1804 denti,
680 1722 724 1784 at
752 1699 889 1782 minus
918 1697 1105 1796 nitidae;
1146 1698 1289 1784 subtus
1315 1727 1465 1812 corpus
1493 1695 1674 1812 nigricat
1700 1694 1769 1780 rel
1796 1695 2014 1797 suscessit,
2050 1697 2182 1786 medio

502 1849 870 1967 longitudinaliter
899 1852 995 1936 albo
1022 1849 1260 1953 lituratum,
1317 1848 1534 1961 interdum
1560 1847 1685 1932 latius
1715 1847 1871 1933 album.
1941 1851 2184 1966 Hypochon-

503 2003 599 2088 driu
626 2005 680 2088 ad
707 2002 868 2089 femora
895 2001 1097 2118 plumulis
1125 2001 1288 2117 aliquot
1314 1999 1737 2117 penicilliformibus,
1791 1999 1919 2105 albis,
1961 2001 2038 2086 vix
2065 2033 2185 2088 emer·

501 2154 699 2268 gentibus
735 2175 936 2270 punctata
974 2160 1080 2266 (non
1107 2155 1154 2240 in
1183 2153 1412 2264 omnibus).
1483 2154 1651 2255 Gauda,
1707 2171 1754 2234 ut
1801 2150 1847 2236 in
1887 2159 2184 2269 praecedente,

502 2304 660 2421 rigida,
691 2310 931 2411 rotundare,
964 2337 1195 2423 pennartun
1225 2335 1349 2421 saepe
1383 2323 1444 2410 14.
1473 2305 1722 2419 plerumque
1756 2337 1818 2388 ra.
1875 2307 2071 2392 Rostrum
2097 2335 2186 2423 pau

501 2455 547 2542 lo
574 2457 762 2561 tenuius,
789 2457 1009 2575 minusque
1036 2458 1304 2556 ominatum,
1332 2485 1439 2572 quae
1467 2477 1610 2539 tamen
1638 2453 1881 2540 differentia
1902 2457 1977 2542 vix
2008 2479 2187 2574 apparet.

505 2609 668 2724 Unguis
707 2611 842 2697 medii
883 2617 979 2722 (seu
1019 2609 1212 2718 secundi)
1256 2608 1383 2723 digiti
1411 2606 1503 2694 acie
1530 2604 1743 2712 obsoleta,
1790 2605 2017 2723 minusque
2046 2611 2186 2697 crebro

503 2785 673 2848 serrata.
740 2764 955 2852 Plumuloe
996 2762 1118 2848 albae
1158 2761 1380 2878 capillares
1420 2758 1535 2845 circa
1569 2779 1766 2874 caputet
1794 2759 1953 2845 collum
1979 2791 2188 2876 nunquam

503 2913 631 3001 ullae.
699 2918 934 3031 Largitudo
961 2914 1086 3002 rostri
1114 2921 1178 3002 δ”.
1206 2921 1286 3020 tm.
1314 2911 1440 2997 ulnae
1468 2912 1628 2996 alarum
1662 2916 1709 2992 ι’.
1746 2917 1915 2998 11‘.·6“‘.
1943 2918 2108 3002 caudae
2135 2909 2188 3026 γ’.

503 3067 640 3154 Pulli
664 3067 748 3157 toti
775 3069 917 3154 fusco-
932 3067 1236 3184 nigrescentes,
1278 3063 1434 3152 halone
1463 3061 1577 3150 circa
1603 3061 1745 3178 gulam
1773 3061 1999 3153 albicante.

507 3318 623 3439 364.
697 3312 1581 3454 PHALACRQCORAX
1659 3341 1983 3438 pygmaeus.
2060 3317 2186 3408 TAB.

1142 3490 1357 3582 LXXIV.
1394 3477 1484 3613 sig.
1525 3515 1572 3579 r.

641 3681 688 3764 P.
717 3705 894 3794 corpore
920 3675 1066 3794 nigro,
1100 3676 1315 3796 penicillis
1343 3676 1451 3764 albis
1477 3695 1690 3791 punctato.

723 3831 953 3916 Pelecanus
995 3861 1249 3948 pygmaeus,
1302 3830 1410 3919 Poll.
1452 3836 1541 3914 itin.
1568 3831 1625 3912 H.
1654 3827 1829 3952 append.
1857 3861 1899 3946 p.
1928 3865 2027 3946 7¹2·
2057 3863 2098 3918 rr.
2129 3841 2190 3916 ao.

777 3985 863 4070 tob.
892 3985 941 4069 G.
970 3988 1161 4071 Lashom.
1187 4017 1253 4070 au.
1282 4017 1324 4100 p.
1353 3997 1447 4092 607.

641 4143 692 4223 In
720 4135 892 4222 sinubus
921 4135 1047 4220 maris
1075 4135 1208 4254 caspii
1234 4133 1443 4251 gregaria,
1468 4163 1566 4220 cum
1594 4133 1786 4222 Carbone
1815 4159 1858 4224 et
1883 4141 2073 4226 Graculo
2100 4163 2189 4256 pro·

503 4288 663 4376 miscus
701 4288 894 4393 habitat,
945 4287 1104 4374 tardius
1145 4287 1217 4375 his
1259 4291 1509 4390 adventans,
1559 4287 1803 4403 cautiorque
1847 4313 1892 4375 et
1940 4321 2031 4378 non
2067 4288 2188 4378 facile

498 4440 788 4546 occidendum
815 4443 927 4526 unde
956 4470 1089 4556 pauca
1117 4448 1205 4555 ejus
1233 4438 1466 4558 specimina
1494 4437 1677 4526 obtineri
1705 4463 1943 4555 potuerunt.
2002 4439 2188 4530 Advolat

497 4619 603 4678 cum
629 4593 827 4680 Plateleis
854 4615 899 4677 et
925 4590 972 4677 in
999 4593 1109 4680 ostio
1138 4591 1328 4709 Rhymni
1357 4595 1398 4679 fl.
1429 4591 1640 4707 gregarius
1667 4591 1821 4709 passim
1850 4618 2056 4682 versatur.

640 4747 814 4833 Descr.
842 4749 1089 4860 Magnitudo
1117 4745 1288 4831 circiter
1315 4745 1664 4860 Querquedulae,
1694 4743 1740 4830 in
1769 4743 1850 4834 hoc
1879 4777 2039 4862 genere
2069 4745 2188 4834 mini-

374 4953 379 4966 ·
497 4923 604 4986 mus.
674 4899 868 4992 Rostrum
904 4919 950 4986 ut
984 4898 1031 4986 in
1068 4899 1283 5002 Carbone,
1324 4899 1401 4986 sed
1427 4919 1593 4984 tantum
1621 4899 1810 5016 margine
1838 4899 2045 4988 maxillae
2074 4927 2188 5016 supe
