4734 6070
488 450 574 516 roa

484 653 677 740 danesse
705 674 860 769 putem.
919 655 1072 770 Neque
1100 679 1212 738 nunc
1242 648 1366 738 aliter
1394 647 1558 753 sentio,
1584 643 1763 738 ethaeo
1790 675 1945 766 genera
1973 649 2031 740 ιιι
2062 651 2157 742 divi·

483 835 529 892 aa
557 833 783 922 exponam.
841 811 972 892 Grues
1001 811 1144 894 Fauna
1171 826 1310 892 nostra
1339 805 1575 921 complures
1604 800 1796 888 asiaticas
1823 800 1974 904 habet,
1999 807 2093 894 dum
2117 837 2159 894 ιιι

481 957 646 1072 reliqua
687 963 856 1076 Europa
894 981 1059 1045 tantum
1096 956 1222 1043 unica
1261 960 1506 1046 observetur
1544 953 1742 1070 ιιιὶὸιιιι.
1823 957 2045 1046 Caeterum
2081 962 2159 1046 lere

481 1107 871 1201 characteristicum
899 1136 963 1200 eat
990 1111 1197 1215 Gruibua,
1228 1113 1343 1227 quod
1369 1108 1424 1198 iia
1452 1113 1619 1196 trocheo
1646 1107 1691 1196 in
1719 1107 1814 1195 sinu
1856 1109 1987 1197 sterni
2020 1141 2161 1228 magno

482 1263 663 1382 circuitu
689 1267 874 1352 flexuosa
902 1264 982 1366 ait,
1023 1266 1137 1382 quod
1177 1293 1313 1378 neque
1354 1263 1401 1346 ιιι
1435 1263 1611 1370 Ardeis,
1654 1293 1734 1350 nec
1773 1262 1820 1352 iu
1862 1263 2076 1370 Ciconiisr
2115 1295 2163 1354 ιιι

478 1419 597 1534 quod
626 1419 793 1506 vocales
820 1419 926 1508 istae
952 1441 1049 1506 sunt
1061 1479 1076 1520 ,
1104 1415 1185 1503 hac
1213 1417 1301 1502 lere
1330 1425 1501 1504 mutuet

767 1681 775 1694 '
891 1677 1006 1766 238.
1111 1667 1324 1760 GRUS
1468 1669 1766 1785 Antigone.

620 1881 673 1966 G.
703 1879 844 1997 capite
872 1903 965 1966 toto
992 1879 1107 1964 nudo
1134 1875 1371 1992 pupilloso,
1402 1873 1569 1961 auribus
1600 1873 1827 1994 plumoaia,
1855 1905 2034 1996 corpore
2061 1877 2167 1966 cina·

485 2055 589 2132 reo,
617 2030 798 2152 pedibus
824 2031 970 2118 rubris.
1830 2139 1834 2146 1

708 2189 816 2272 Grus
844 2181 1041 2272 danorica
1067 2179 1239 2268 cinerea
1267 2178 1460 2282 recalva,
1489 2209 1584 2264 area
1614 2209 1732 2266 aures
1760 2183 1991 2299 obtegente
2015 2185 2169 2300 pluma·

759 2369 835 2426 cea
846 2401 861 2440 ,
889 2334 1142 2437 orbiculari,
1172 2333 1367 2437 cinerea,
1394 2355 1493 2418 cute
1521 2335 1678 2450 pedum
1705 2333 1900 2449 punicea,
1930 2337 2064 2423 ductu
2089 2365 2172 2422 cet·

757 2489 888 2578 vicali
915 2489 1099 2576 candido
1127 2485 1399 2604 longissimo,
1429 2489 1708 2572 Messerschm.
1738 2519 1826 2576 orn.
1854 2491 1945 2578 MS.

701 2648 810 2731 Grus
836 2641 1139 2758 haematopus,
1169 2644 1298 2726 Gmel.
1327 2672 1409 2730 sen.
1439 2641 1524 2726 obs.
1556 2641 1645 2722 MS.

702 2801 810 2882 Grus
837 2803 971 2910 major
998 2792 1167 2897 indica,
1197 2795 1404 2896 Eduard.
1424 2825 1490 2879 nu.
1519 2795 1554 2875 l.
1582 2823 1623 2908 p.
1652 2793 1739 2880 tab.
1770 2808 1840 2900 45.

703 2949 846 3033 Ardea
873 2946 1115 3062 Antigone,
1142 2949 1230 3031 Lin.
1260 2965 1365 3058 synt.
1395 2946 1491 3028 XII.
1520 2948 1554 3034 l.
1581 2978 1625 3063 p.
1653 2961 1747 3055 245.
1777 2979 1840 3064 sp.
1869 2961 1910 3040 6.

592 3099 810 3214 Mongolis
837 3102 978 3187 Charo
994 3149 1009 3166 ·
1026 3101 1210 3212 Toegeru'
1239 3095 1378 3214 (nigra
1404 3101 1546 3214 Grus).

591 3253 801 3366 Tungueis
828 3249 1015 3338 Dauuria
1041 3255 1197 3338 Karou.

621 3403 761 3492 Circa·
777 3405 1001 3519 Selengam
1043 3426 1088 3490 et
1126 3404 1172 3492 in
1214 3401 1367 3522 apricis
1406 3403 1571 3520 aquosis
1612 3405 1850 3510 Dauuriae,
1870 3407 2086 3500 'maxime
2125 3415 2179 3502 ad

485 3555 704 3670 Argunum
732 3579 775 3642 et
803 3556 954 3642 Dalai·
968 3587 1099 3656 noor,
1128 3556 1351 3673 quotannis
1389 3561 1589 3644 adventat
1628 3582 1674 3644 et
1697 3563 1837 3678 pullos
1864 3563 2051 3674 educat,
2095 3599 2179 3654 ma·

485 3707 550 3824 gis
577 3711 664 3794 fere
693 3710 888 3823 frequens
913 3709 978 3797 ibi
1006 3715 1118 3797 Grue
1145 3707 1334 3824 vulgari,
1369 3741 1475 3826 quae
1505 3713 1559 3797 ad
1586 3713 1917 3831 septentrionem
1946 3721 2070 3822 abit,
2098 3753 2182 3808 ma·

483 3861 630 3976 gitque
659 3891 812 3976 aquosa
839 3863 934 3950 loca
960 3855 1243 3981 frequentans.
1314 3861 1483 3950 Dicitur
1519 3863 1649 3952 etiam
1685 3866 1900 3956 interdum
1929 3872 1974 3956 ιιι
2010 3877 2179 3962 deserto

482 4011 812 4103 Astrochauensi
841 4045 1063 4132 apparere,
1094 4015 1212 4102 etin
1240 4015 1434 4103 Talariae
1463 4049 1637 4135 magnae
1679 4022 1881 4129 desertis,
1922 4027 2180 4141 praesertim
2321 4013 2322 4020 Ν

481 4163 833 4278 Kirgieo·tataris
861 4199 946 4256 non
973 4167 1192 4284 incognita
1220 4194 1295 4258 est.
1353 4179 1580 4292 Nunquam
1609 4173 1838 4290 gregatim,
1882 4181 1957 4264 sed
2001 4211 2085 4300 per
2112 4211 2179 4300 pa·

481 4315 544 4404 ria
571 4319 699 4403 volat.

621 4473 791 4558 Descr.
820 4477 1069 4586 Magnitudo
1095 4509 1217 4593 supra
1246 4483 1402 4567 Gruem
1431 4483 1659 4597 vulgarem.
1715 4485 1907 4570 Rostrum
1935 4482 2087 4574 livido
2124 4485 2182 4572 vi·

481 4649 673 4728 ressone,
705 4624 797 4709 acie
826 4628 1026 4714 maxillae
1055 4629 1282 4744 superioris
1320 4633 1514 4750 utrinque
1555 4665 1695 4722 versus
1737 4636 1904 4760 apicem
1952 4637 2181 4726 levissime
2321 4617 2322 4702 ἶ

481 4777 696 4864 ιειηιιιιι.
763 4781 894 4864 Irides
929 4781 1346 4872 auxamio-rubrae·
1395 4791 1534 4908 Caput
1570 4795 1727 4902 majore
1765 4813 1886 4907 parte
1928 4795 2181 4898 recalvom,

482 4923 599 5014 villi·
629 4925 675 5020 in
703 4953 801 5016 cute
827 4933 942 5017 nuda
967 4931 1156 5048 exiguis,
1185 4937 1453 5044 rubicundis,
1494 4941 1598 5030 hinc
1633 4941 1734 5043 inde
1775 4943 2061 5060 flaventibus,
2106 4947 2182 5036 im·
