4696 6054
945 513 1095 564 .-.········.....
1772 491 1868 592 269

396 703 516 786 Anas
536 701 734 813 Nyroea,
787 699 995 788 Guoteusr.
1042 703 1143 790 Nou
1188 703 1304 788 Com.
1341 702 1448 790 Petr.
1477 705 1583 789 XIV
1580 768 1596 791 .,
1620 725 1728 824 port.
1756 711 1789 792 t.
1818 744 1860 826 p.

456 867 551 958 403.
581 882 665 966 seq.
721 856 910 938 Lotham.
940 887 1005 940 ev.
1038 857 1108 939 Vt.
1139 888 1180 970 p.
1211 870 1303 958 541.
1332 887 1371 939 n.
1402 889 1468 968 79.

288 1005 462 1096 Rossiee
502 1009 843 1119 Krusnogolouot
883 1009 1062 1096 Tscbem
1102 1005 1322 1123 (Fuligule
1350 1011 1573 1126 ruficeps),
1629 1008 1862 1130 improprie

342 1162 490 1273 Nyrolr
517 1163 717 1274 (Mergus
744 1189 818 1246 seu
844 1158 1084 1278 Urinator).

313 1309 497 1398 Nonnisi
538 1311 585 1396 in
626 1310 936 1399 australioribus
965 1313 1138 1402 Rossiae
1165 1312 1311 1429 aquis,
1351 1313 1463 1400 circa
1490 1321 1653 1403 Tana'r'n
1680 1349 1868 1433 praeser-

175 1468 276 1572 tim,
316 1465 502 1580 Volgam
535 1486 579 1553 et
615 1461 863 1578 Rhymnum
898 1469 1155 1554 observatur.
1224 1477 1304 1554 Per
1330 1467 1449 1586 paris
1477 1469 1622 1556 volant
1648 1493 1693 1556 et
1719 1496 1865 1588 stagna

176 1642 319 1708 amant
345 1649 472 1737 pura,
509 1613 711 1702 arundine
740 1649 890 1723 vacua,
933 1619 1007 1705 ubi
1034 1629 1080 1705 in
1110 1619 1263 1706 mediis
1291 1619 1408 1735 aquis
1438 1645 1653 1742 tersuntur
1679 1622 1866 1738 ideoque

173 1774 265 1861 ictu
291 1794 387 1858 sunt
415 1769 626 1856 difficiles.
685 1772 726 1853 V
723 1802 780 1856 ox
807 1769 1059 1878 Boschndis,
1090 1775 1165 1858 sed
1193 1771 1375 1887 grossior
1405 1795 1449 1860 et
1475 1774 1656 1860 brevior.
1716 1775 1859 1860 Minus

125 1925 131 1942 “
170 1929 414 2042 frequenter
439 1922 657 2038 mergitur,
687 1953 770 2008 nec
797 1924 914 2040 pisce
945 1927 1148 2032 vescitur,
1178 1927 1290 2012 unde
1319 1955 1417 2012 caro
1446 1924 1730 2040 sapidissime.
1784 1935 1867 2013 Va-

170 2077 371 2164 rietatem
397 2075 615 2191 Fuligulae
645 2075 828 2163 credidit
856 2082 1094 2168 Lothom.

308 2233 482 2316 Descn
538 2231 785 2342 Magnitudo
813 2229 924 2315 iufra
952 2233 1211 2348 Fuligulam,
1254 2234 1419 2319 habitus
1446 2232 1611 2320 similis.
1669 2237 1867 2321 Rostrum

167 2383 462 2483 latiusculum,
499 2357 691 2499 nigrum,
729 2413 824 2466 area
851 2385 992 2469 lunata
1020 2385 1131 2472 circa
1160 2417 1342 2502 unguem
1372 2388 1706 2492 coeruleseente,
1743 2409 1791 2472 ut
1816 2387 1867 2472 in

165 2535 453 2625 antecedenti.
511 2536 639 2620 ludes
667 2537 796 2640 latae,
835 2535 1012 2624 lacteae.
1071 2541 1208 2655 Caput
1236 2569 1332 2624 cum
1360 2537 1494 2624 initio-
1515 2538 1644 2643 colli,
1667 2541 1760 2624 rufo
1776 2561 1863 2624 -te-

166 2715 375 2792 staceum3
405 2688 569 2774 macula
596 2718 724 2801 parva
754 2687 888 2774 lactea
915 2689 965 2774 in
990 2691 1090 2806 ipso
1112 2691 1266 2804 angulo
1294 2689 1427 2805 gulae.
1470 2689 1670 2776 Amedio
1698 2691 1860 2777 vertice

165 2875 309 2930 versus
337 2839 521 2928 nueham
548 2863 707 2926 tractus
732 2849 909 2958 pinnulis
943 2871 1100 2960 gryseo
1120 2841 1318 2961 pallidis,
1373 2842 1645 2929 extremitate
1672 2865 1858 2928 setaceo-

167 2996 370 3115 pinnatis,
401 2993 609 3111 rigidulis,
637 2997 712 3082 vix
740 2995 929 3108 reliq-uns·
951 2999 1116 3114 plumas
1145 2996 1449 3112 superantibus,
1492 3000 1657 3083 Collum
1674 2993 1869 3081 medium·

165 3153 426 3264 (admodum
452 3155 607 3262 tenue)
637 3171 681 3235 et
708 3148 854 3234 cervix
882 3147 1248 3263 longitudinaliter
1276 3151 1329 3234 ad
1358 3150 1532 3235 dorsum.
1553 3177 1685 3262 usque
1719 3148 1859 3260 nigra3

165 3327 212 3390 at
250 3305 438 3420 jugulum
481 3302 758 3388 intensissimi
796 3302 1107 3388 rufo-testacei
1152 3299 1319 3388 coloris.
1388 3305 1534 3387 Pectus
1577 3323 1623 3386 et
1658 3301 1862 3386 abdomen
1912 3307 1917 3320 ’

166 3458 331 3556 album,
387 3457 820 3554 fusco-nebulosum.;
878 3463 1050 3542 cris-sum
1076 3457 1232 3540 album.
1278 3457 1486 3540 ‘Dorsum
1512 3452 1704 3568 nigrum,
1747 3451 1868 3538 inter*

167 3607 256 3695 ales
295 3607 540 3721 ferrugineo
573 3609 770 3724 fuscoque
815 3610 1094 3725 pulveratum.
1165 3611 1273 3694 Arae
1308 3637 1461 3722 parvae
1490 3605 1655 3721 nigrae,
1714 3605 1862 3694 entico

165 3760 356 3874 margine
371 3762 516 3866 albae,
546 3761 689 3848 subtus
719 3763 844 3848 fusco·
867 3763 1046 3878 alboque
1074 3760 1232 3846 variae
1291 3761 1440 3857 Fascio
1468 3760 1555 3844 leta
1583 3762 1688 3847 albe.
1708 3757 1777 3847 tel
1798 3759 1871 3846 im

165 3946 292 4018 euna,
336 3943 413 4030 per
453 3913 632 4029 remiges
673 3943 845 4014 omnes,
885 3913 1080 4030 exceptis
1119 3909 1285 3998 intimis
1326 3926 1365 3998 5.
1396 3933 1441 3996 et
1470 3925 1508 3998 3.
1537 3910 1716 3998 extimis
1736 3933 1867 3996 extus·

163 4066 313 4184 nigris.
374 4069 596 4170 Tectrices,
627 4065 917 4185 remigumque
946 4066 1102 4183 apices,
1130 4087 1176 4150 et
1199 4063 1423 4150 interiores
1449 4085 1585 4167 totae,
1603 4094 1701 4150 cum
1720 4063 1867 4149 virore

163 4221 341 4336 rrigrae,·
388 4221 509 4305 unde
528 4189 737 4335 speculiun
765 4221 907 4304 album
936 4221 1026 4306 alae
1056 4217 1195 4304 antice
1224 4215 1472 4332 pusticeque
1501 4213 1681 4300 virenti·
1697 4212 1867 4302 sericeo

166 4374 463 4490 marginatum.
535 4372 689 4459 cauda
729 4373 1014 4488 subaequaliS,
1065 4369 1238 4476 detrita,
1282 4371 1398 4455 fusco
1437 4365 1664 4480 nigricans
1729 4351 1866 4454 P'ectes

168 4526 304 4632 fusci,
328 4528 439 4614 inter
468 4526 665 4613 articulos
693 4525 1207 4626 livido-cinerescentes3
1237 4524 1511 4608 membraneo
1530 4520 1702 4635 nigsae3
1731 4523 1856 4608 tibiae

165 4681 426 4768 breviculas.
469 4683 743 4768 Foemiuor
771 4677 847 4764 vix
875 4676 1056 4782 diversa,
1082 4677 1166 4764 nisi
1193 4675 1333 4792 capite
1364 4695 1412 4758 et
1435 4700 1559 4788 prora
1586 4671 1865 4778 obsoletiore,

167 4833 350 4947 gulaque
378 4857 422 4920 et
450 4833 676 4922 abdomine
705 4833 830 4918 albo·
846 4830 1099 4945 variegatis„
1131 4850 1273 4914 rostro
1290 4849 1385 4912 toto
1412 4821 1675 4936 nigricante,
1693 4827 1863 4910 caudae

166 4989 418 5076 rotundatas
461 4988 708 5074 rectricibus
747 5007 913 5072 tantum
943 5001 1002 5090 ¹4·
1032 5011 1111 5068 nec
1140 4977 1321 5068 detritis.
1396 4977 1448 5064 si.
1468 4983 1629 5064 Natura
1657 4975 1865 5096 tybridis
