4770 6042
1001 479 1149 531 “·“-“-““”···
1866 473 1923 564 55

233 685 421 770 Naturae
449 676 687 794 plantarum
714 673 868 764 sationi
896 704 980 762 non
1007 701 1155 792 parum
1180 697 1377 791 prosunt3
1413 696 1543 763 rostro
1569 676 1798 779 conoideo,
1827 710 1923 768 con·

232 863 356 935 verro,
387 830 519 934 brevi,
551 827 848 930 obtusiusculo;
877 837 1020 942 lingua
1047 826 1332 942 cartilaginem
1361 833 1539 942 ingluvie
1566 830 1766 945 pabulum
1793 831 1923 917 emol-

164 983 169 992 ’
233 986 388 1089 liente,
417 988 639 1070 uentriculo
668 979 825 1096 lapillis
853 978 1074 1068 triturante
1102 977 1417 1077 carnosissimo,
1458 979 1765 1097 appendicibus
1792 993 1926 1070 coecis

232 1131 427 1224 intestini
467 1151 531 1220 sat
573 1132 756 1248 magnis,
799 1129 999 1246 geminis,
1042 1137 1238 1218 musculis
1271 1129 1553 1246 pectoralibus
1582 1153 1626 1216 et
1654 1131 1925 1220 femoralibus
2024 1133 2029 1142 ’

233 1286 426 1378 omnium
455 1283 595 1370 avium
624 1282 923 1370 robustissimis
952 1306 996 1368 et
1024 1283 1191 1368 culinae
1221 1279 1467 1398 aptissimis,
1508 1278 1621 1366 inter
1646 1313 1691 1369 se
1719 1285 1924 1370 conveni·

232 1463 323 1526 tun.
380 1437 651 1526 Conveniunt
678 1434 808 1521 etiam
835 1443 1081 1551 polygamiae
1110 1456 1154 1517 et
1181 1432 1394 1548 zelotypia
1420 1432 1621 1533 marium,
1646 1437 1923 1560 foecunditate

233 1590 513 1684 foeminarum
555 1611 598 1674 et
643 1589 841 1675 incubans
876 1585 931 1672 iis
972 1586 1072 1673 solis
1101 1588 1372 1688 demandato,
1417 1584 1614 1702 neglectu
1641 1585 1755 1692 nidi,
1799 1591 1924 1706 pullas

233 1743 376 1830 statim
405 1744 458 1827 ab
485 1769 569 1827 ovo
600 1740 733 1824 oculis
761 1737 1023 1854 pedibusque
1052 1737 1267 1824 utentibus
1295 1759 1339 1823 et
1364 1737 1562 1855 lanugine
1591 1738 1778 1840 vestitis,
1806 1741 1922 1855 quod

233 1923 333 1985 cum
360 1891 515 1980 Grallis
543 1914 587 1978 et
614 1888 930 2006 Palmipedibus
957 1916 1180 1975 commune
1208 1887 1264 1972 iis
1289 1912 1374 1996 eat,
1428 1894 1601 1996 demum
1629 1913 1674 1976 et
1699 1897 1920 2006 variegati-

233 2064 311 2135 one
336 2047 553 2147 colorum,
595 2065 741 2130 mnata
771 2066 814 2128 et
841 2041 1146 2160 pulcritudine,
1186 2011 1234 2126 ut
1260 2061 1305 2126 et
1331 2073 1452 2146 voce,
1487 2043 1533 2126 in
1563 2042 1679 2128 virili
1707 2073 1811 2128 sexu
1838 2075 1944 2128 rna·⁴

234 2191 345 2313 iore,
394 2191 554 2281 ossibus
582 2194 765 2310 denique
807 2193 1095 2297 solidioribus,
1145 2223 1272 2308 quam
1302 2189 1442 2278 arium
1471 2193 1653 2298 volatui,
1700 2193 1925 2312 aptiorem,

234 2347 415 2462 aliisque
442 2343 646 2432 minutiis.
716 2343 968 2430 Praesertim
1007 2373 1120 2452 vero,
1146 2373 1414 2430 communem
1442 2367 1488 2430 et
1515 2347 1567 2430 ab
1596 2347 1791 2434 omnibus
1830 2347 1926 2434 aliia

237 2498 379 2584 avium
406 2495 624 2584 ordinibus
652 2491 864 2582 diversum
893 2523 1054 2580 morem
1083 2496 1285 2582 affectant
1310 2521 1383 2596 eo,
1411 2493 1544 2612 quod,
1574 2527 1651 2612 pro
1679 2499 1924 2614 depurando

236 2677 412 2765 corpore
440 2665 486 2733 et
512 2633 690 2764 plumis,
746 2678 831 2732 non
858 2657 965 2762 aqua
992 2648 1155 2752 lavent,
1208 2649 1282 2733 sed
1309 2669 1419 2734 terra
1448 2647 1673 2734 mobiliore
1701 2644 1773 2735 vel
1801 2672 1927 2736 arana

236 2808 506 2918 pulsarentur,
548 2802 660 2884 unde
690 2797 995 2914 antiquioribus
1022 2803 1106 2911 jam
1144 2799 1437 2886 Pulveratrices
1464 2800 1701 2920 appellatae
1733 2803 1921 2888 tuamne·

236 2955 461 3040 Praetereo
488 2949 569 3035 alia
598 2930 682 3038 non
711 2951 927 3055 omnibus,
957 2973 1142 3035 attamen
1169 2949 1382 3068 plerisque
1412 2951 1635 3068 generibus
1662 2957 1926 3040 convenien-

236 3101 321 3209 tia,
364 3125 409 3188 ut
436 3103 547 3187 nuda
574 3123 744 3190 aurocen
770 3125 1014 3188 ornamenta
1042 3098 1213 3216 capitis,
1252 3111 1435 3190 colcaria
1463 3101 1640 3220 pedum,
1677 3099 1927 3224 praesertim

238 3255 424 3346 maribus
460 3255 513 3339 ad
553 3283 737 3371 pugnam
777 3259 899 3360 data,
941 3263 1104 3372 plumas
1145 3281 1295 3369 corpus
1321 3253 1626 3360 obvertientes,
1670 3257 1754 3342 alia
1783 3261 1927 3372 pluma

237 3415 485 3522 hnuginose
525 3405 759 3522 duplicatas
800 3429 844 3492 et
873 3433 999 3518 saepe
1025 3403 1292 3491 intermixtas
1321 3413 1437 3522 pilis,
1476 3405 1742 3526 similiaque,
1782 3427 1926 3493 tamen

238 3559 383 3652 omnia
411 3557 643 3643 naturalem
661 3557 925 3646 ,affinitatem
952 3554 1159 3642 indicant.

378 3707 536 3826 Aliqua
561 3709 674 3796 inter
701 3713 867 3797 Grallas
894 3738 1068 3824 genera,
1107 3708 1202 3794 Otis
1227 3707 1474 3825 praesertim
1500 3733 1543 3796 et
1570 3713 1772 3812 Strutbio,
1815 3739 1927 3826 mag·

238 3890 341 3952 nam
379 3889 476 3946 curn
517 3863 766 3952 Gallinaceis
806 3861 1051 3948 affinitatem
1092 3862 1299 3976 produnt,
1340 3884 1385 3948 et
1410 3863 1531 3978 quasi
1555 3861 1777 3948 transitum
1803 3859 1927 3946 unius

238 3999 431 4104 latnilise
472 4015 525 4096 ad
564 4015 739 4102 alteram
778 4015 950 4102 faciunt.
1021 4022 1221 4098 Attamen
1261 4012 1497 4128 potioribus
1532 4012 1844 4101 characteribus
1872 4011 1927 4098 ad

240 4163 439 4260 ordinem
466 4164 700 4253 Grallarum
727 4167 967 4253 reducenda
994 4185 1115 4268 sunt,
1145 4185 1193 4250 ut
1217 4163 1327 4250 infra
1353 4195 1429 4254 ruo
1456 4165 1554 4258 loco
1579 4164 1760 4254 dicetur.

778 4547 1399 4604 w
