4696 6054
499 467 590 560 234
1076 405 1084 416 ⁸
1251 473 1404 526 m

716 679 832 762 Anas
860 669 1100 789 Canagica,
1127 673 1232 762 Nou.
1265 677 1356 758 Act.
1387 673 1550 787 Petrop.
1581 673 1698 758 XIII.
1730 671 1812 759 tob.
1850 687 1907 756 ro‘.
1958 705 1965 722 ·

602 827 771 914 Aleutis
807 831 1073 942 Komglrong.

497 1076 505 1092 ‚
630 987 679 1066 In
708 980 858 1066 insulis
878 1008 1028 1064 sersus
1055 979 1299 1066 Americsm
1329 976 1515 1066 extensis
1543 979 1765 1093 frequens,
1792 974 2028 1074 maritima,
2054 975 2167 1064 etiam

497 1133 659 1250 laqueis
689 1132 867 1250 capitur.
924 1131 1166 1248 Specirnina
1193 1131 1387 1247 plurima,
1418 1129 1732 1248 elegantissime
1759 1131 1944 1231 ellarcta,
1975 1159 2029 1212 ex
2049 1130 2167 1214 orien-

494 1286 573 1374 tali
602 1284 872 1398 navigatione
900 1285 1048 1371 retulit
1073 1317 1116 1401 p.
1157 1317 1214 1370 m.
1242 1291 1294 1369 D.
1317 1293 1379 1372 ·D.
1414 1288 1466 1369 M
1473 1287 1592 1371 ercle
1602 1344 1618 1385 ,
1652 1312 1677 1368 e
1711 1283 1862 1400 quibus
1896 1285 2099 1398 quaedam
2129 1281 2169 1368 in

492 1447 687 1526 Museum
716 1437 975 1527 Academiae
1005 1435 1345 1554 Petropolitanae
1379 1459 1675 1554 pervenerunt.

632 1595 802 1678 Descr.
857 1593 1107 1705 Magnitudo
1134 1594 1188 1675 A.
1217 1587 1516 1706 erythropodis
1544 1612 1590 1674 et
1617 1591 1703 1676 fere
1743 1586 1928 1676 habitus.
1993 1591 2172 1676 Rostrum

490 1745 756 1843 anserinum,
798 1744 852 1829 ad
881 1745 1065 1828 frontem
1094 1741 1231 1829 livido
1246 1793 1260 1806 ·
1277 1743 1512 1859 pallidum,
1553 1740 1667 1828 inter
1704 1773 1824 1829 nares
1852 1744 1990 1859 nigras
2020 1744 2170 1843 rubens,

490 1895 692 1986 lateribus
720 1896 954 2012 pallidum,
982 1893 1242 2010 marginibus
1267 1916 1312 1986 et
1342 1893 1518 1980 maxilla
1543 1892 1743 1982 inferiore
1771 1894 1929 2012 nigris,
1957 1923 2096 2012 ungue
2122 1895 2171 1980 al·

489 2050 622 2154 bido,
652 2047 774 2164 nigro
805 2049 1053 2164 marginato.
1122 2048 1253 2134 Irides
1287 2070 1469 2134 saturare
1512 2047 1748 2133 coeruleae.
1813 2051 1952 2164 Caput
1992 2053 2013 2159 (
2023 2071 2175 2166 praeter

491 2203 633 2316 gulam
665 2203 781 2288 fusco
808 2203 1051 2312 lituratum)
1081 2229 1177 2284 cum
1207 2197 1406 2286 continua
1434 2197 1600 2286 cervice
1628 2199 1871 2286 candidum.
1898 2205 2067 2289 Collum
2092 2203 2176 2286 sub·

434 2391 443 2416 =
487 2377 555 2442 tus
585 2355 761 2442 mscum.
816 2352 1026 2468 Jugulum,
1060 2354 1309 2470 dorsumque
1338 2372 1382 2436 et
1414 2353 1548 2438 latera
1576 2355 2031 2460 cano-coerulescunt,
2059 2377 2179 2440 trans·

487 2507 620 2620 uersis
647 2510 823 2593 arcubus
849 2507 1014 2621 plumas
1042 2503 1367 2592 terminantibus
1393 2501 1516 2619 nigro
1531 2551 1545 2566 ·
1561 2505 1668 2592 albis
1697 2507 1870 2592 doliata.
1941 2509 2092 2594 Venter
2127 2505 2177 2590 al·
2299 2571 2300 2578 Ν

486 2661 568 2750 bus
595 2659 827 2764 obsoletius
855 2658 1027 2744 cinereo
1055 2656 1291 2742 undulatus.
1364 2660 1548 2744 Crissum
1575 2689 1671 2743 cum
1699 2655 1844 2746 cauda*
1860 2657 2049 2747 niveum.
2112 2661 2178 2744 ue·

488 2821 620 2926 miges
646 2811 854 2929 primores
882 2813 1048 2912 fuscae,
1088 2807 1243 2918 rhachi
1273 2810 1368 2894 alba
1395 2809 1583 2923 reliquae
1610 2809 1921 2924 nigrescentes,
1966 2811 2088 2898 disco
2121 2843 2179 2896 ca·

487 2987 716 3070 nescente,
747 2965 929 3079 alboque
958 2961 1242 3077 marginatae,
1272 2983 1319 3046 ut
1346 2983 1392 3048 et
1418 2960 1631 3050 rectrices.
1701 2966 1830 3052 Pedes
1864 2963 1997 3068 fulvi,
2042 2963 2179 3078 ungui·
2299 3055 2300 3058 Ν

486 3119 565 3204 bus
592 3115 736 3232 nigris.
797 3118 962 3204 Pondus
989 3131 1014 3204 6
1043 3113 1173 3201 libras
1199 3114 1387 3202 excedit.
1443 3115 1684 3232 longitudo
1710 3149 1735 3202 a
1763 3139 1896 3206 rostro
1924 3121 1977 3208 ad
1998 3142 2179 3206 stemum

488 3269 548 3386 7⁰.
579 3269 650 3358 δ”.
679 3271 736 3356 ad
764 3267 1015 3387 uropygium
1050 3271 1094 3354 ι’.
1125 3270 1183 3354 a‘'.
1223 3268 1292 3352 om.
1420 3331 1430 3352 .

997 3883 1134 3996 LIV.
1204 3887 1663 4000 ANATES.

1201 4153 1465 4174 m

519 4335 524 4342 ⁵
629 4347 814 4446 Anates,
842 4341 957 4428 inter
985 4344 1287 4432 serratirostres
1313 4349 1455 4451 Aves,
1497 4345 1617 4464 quasi
1656 4347 1764 4435 levis
1806 4371 2045 4436 armaturae
2074 4343 2180 4436 mrlr·
2299 4311 2300 4374 ³

487 4521 580 4604 tes,
609 4497 833 4601 imbelles,
863 4492 1019 4599 mites,
1050 4495 1208 4612 agiles,
1237 4497 1433 4616 lepidae,
1477 4503 1694 4616 garrulae,
1738 4533 1936 4604 voraces,
1977 4503 2026 4588 in
2055 4527 2182 4588 vene·
2299 4533 2300 4580 :

486 4681 576 4739 rem
620 4679 804 4768 pronae,
845 4649 1105 4749 foecundae,
1146 4650 1265 4738 omni
1303 4653 1530 4770 pleraeque
1569 4653 1743 4744 climate
1783 4679 2042 4756 contentae,
2082 4655 2179 4744 dum
2299 4699 2300 4732 r

489 4831 621 4914 ‘quw
649 4831 735 4888 1¹0ss
765 4797 928 4902 dffllsstt
958 4833 983 4886 ἃ
1012 4801 1171 4917 Cygnis
1199 4825 1246 4890 et
1271 4807 1526 4911 Anseribus,
1555 4807 1619 4894 oti
1646 4818 1752 4898 mole
1769 4808 1991 4926 corporis,
2024 4809 2088 4894 ita
2115 4812 2180 4890 lm·
2299 4903 2300 4924 ἴ

489 4955 579 5044 buu
591 5013 604 5064 ,
633 4972 766 5040 rostro
792 4947 985 5068 imbelli,
1016 4957 1241 5076 depresso,
1280 4989 1427 5076 gressu
1453 4959 1711 5074 vacillante,
1753 4973 1988 5079 plumonrm
2031 4979 2178 5050 omaro
2299 4957 2300 4966 '
