4778 6044
1019 433 1166 486 m
1853 449 1939 530 322·

259 643 457 755 varioque
487 636 668 722 clamore
697 653 857 718 sonant.
917 635 1010 720 Von
1032 637 1159 720 modo
1186 636 1309 754 picae
1338 637 1504 742 similis,
1530 645 1656 730 modo
1683 644 1814 730 selina
1842 647 1945 747 lere,

258 827 469 915 nunquam
497 815 638 877 tamen
657 785 875 910 cachinno
903 790 1078 872 aemula.
1143 795 1190 872 In
1219 798 1354 877 Ponto
1381 816 1427 877 et
1452 797 1673 882 Mocotide
1702 795 1944 911 copiosissi·
1989 777 1993 788 ⁸

256 988 325 1046 me
366 949 522 1064 agitato
559 975 580 1026 a
618 937 755 1024 ventis
792 941 896 1025 mari
930 944 977 1026 in
1009 965 1140 1026 terras
1168 942 1349 1034 Tauriae
1387 968 1431 1030 et
1459 947 1615 1032 deserti
1642 945 1943 1061 Borysthenici

256 1114 381 1222 longe
409 1097 641 1216 provolant,
672 1094 866 1207 sequenti
892 1092 1081 1178 immixti
1109 1117 1153 1178 et
1180 1093 1285 1179 locis
1312 1099 1558 1211 praesertim
1587 1121 1778 1184 recenter
1805 1123 1940 1184 aratro

256 1259 390 1349 scissis
420 1247 664 1337 Lumbricos
706 1267 750 1328 et
791 1242 1041 1332 Cicadarum
1085 1269 1209 1360 atque
1239 1251 1564 1334 Scarabaeorum
1592 1250 1746 1349 larvas,
1775 1251 1846 1336 vel
1874 1281 1943 1336 au·

254 1439 402 1501 tumno
429 1398 599 1488 Helices
628 1395 764 1482 varios
802 1420 1017 1483 terrestres
1058 1398 1217 1512 legunt.
1287 1405 1442 1513 Magna
1488 1400 1601 1486 inter
1627 1403 1866 1489 Atricr'llam
1896 1425 1941 1486 et

255 1573 406 1652 Larum
431 1561 674 1643 cinctorium
699 1547 935 1636 similitudo
963 1572 1008 1634 et
1036 1549 1239 1654 affinium
1295 1549 1612 1666 magnitudine,
1652 1553 1940 1670 proportione,

254 1719 394 1808 colore
424 1715 607 1826 (praeter
634 1707 803 1817 caput),
848 1732 951 1788 voce
978 1701 1108 1790 etiam
1136 1703 1268 1788 felino
1293 1701 1571 1808 conveniunt,
1622 1727 1666 1790 et
1692 1705 1805 1791 circa
1832 1713 1938 1791 Pon-

252 1897 342 1959 tum
384 1859 619 1982 promiscue
662 1856 825 1957 volant,
868 1877 914 1938 ut
954 1855 1041 1938 fere
1086 1854 1246 1940 dixeris
1275 1852 1536 1940 Atticilliam
1564 1885 1653 1942 esse
1682 1856 1937 1972 profectiore

252 2045 416 2111 tantum
443 2033 579 2098 aetate
606 2028 818 2092 mutatam.
876 2007 1050 2094 Certum
1079 2029 1142 2092 est
1168 2009 1284 2120 quod
1309 2011 1461 2092 Larum
1489 2006 1628 2122 capite
1658 2010 1754 2094 albo
1783 2008 1937 2094 naevio

252 2176 299 2263 in
327 2175 454 2258 domo
483 2162 693 2280 quondam
722 2160 938 2274 Petropoli
966 2158 1072 2243 aluit
1097 2163 1259 2258 Excell.
1287 2160 1416 2243 Andr.
1445 2160 1490 2242 N
1495 2180 1609 2246 orto
1609 2163 1644 2270 f
1650 2223 1664 2264 ,
1717 2159 1790 2274 qui
1817 2159 1937 2250 fami.

251 2325 368 2416 liaris
394 2315 524 2408 tertio
553 2341 661 2398 anno
689 2309 962 2426 plumationis
988 2331 1204 2427 tempore,
1241 2309 1379 2426 capite
1408 2309 1483 2392 rix
1509 2341 1640 2426 usque
1671 2315 1725 2397 ad
1753 2310 1939 2397 nucham

251 2479 373 2594 niger
399 2475 530 2556 factus
562 2487 645 2566 est,
678 2493 762 2578 quo
792 2463 838 2548 in
866 2485 975 2548 statu
1003 2463 1125 2548 illum
1154 2461 1245 2580 ipse
1275 2461 1385 2567 vidi,
1414 2461 1636 2576 nigredine
1663 2463 1746 2550 oris
1775 2465 1934 2580 pluma·

249 2662 341 2718 rum
372 2620 523 2712 albidis
550 2620 855 2730 subsquamata.
909 2615 1111 2700 Atticille
1138 2647 1217 2700 ovo
1246 2615 1292 2698 in
1320 2617 1432 2699 nuda
1459 2615 1618 2729 glarea,
1647 2617 1717 2700 vel
1744 2615 1791 2700 in
1819 2618 1938 2700 arbo·

250 2783 382 2884 ribus,
411 2779 500 2862 imo
528 2774 779 2889 quandoque
805 2766 853 2856 in
879 2766 1083 2854 craticula
1109 2767 1298 2852 fluitante
1325 2795 1383 2851 ex
1410 2765 1613 2852 arundine
1642 2766 1933 2880 caricibusque

250 2952 448 3023 contexta
475 2925 623 3042 ponit,
678 2920 897 3006 olivaceo·
913 2923 1032 3018 alba,
1086 2917 1261 3002 maculis
1288 2915 1539 3032 punctisque
1568 2916 1780 3038 distinctis
1807 2916 1937 3005 luscis

249 3085 384 3189 varia,
413 3077 719 3179 obtusiuscula,
749 3070 1014 3186 longitudine
1042 3072 1128 3156 fere
1158 3071 1220 3154 2⁰.
1247 3068 1454 3156 diametro
1487 3075 1543 3154 r''.
1571 3071 1661 3178 tim.

385 3238 561 3320 Descr.
613 3223 862 3312 Atticillae:
916 3223 1163 3338 Magnitudo
1193 3221 1443 3308 Columbae.
1509 3223 1702 3309 Rostrum
1727 3227 1933 3342 pedesque

247 3394 494 3512 plemmque
522 3375 818 3464 saturatissime
845 3378 969 3462 rubra
982 3411 998 3478 3
1032 3377 1107 3460 sed
1134 3374 1183 3459 in
1210 3371 1480 3489 quibusdam,
1509 3375 1758 3491 praesertim
1784 3379 1933 3462 femel-

247 3546 325 3648 lis,
369 3560 548 3625 rostrum
575 3560 697 3646 saepe
727 3531 869 3616 lusco·
884 3533 1080 3625 rubrum,
1119 3527 1333 3643 pedesque
1358 3525 1494 3626 tusci,
1535 3529 1686 3614 rubore
1715 3527 1793 3613 rix
1816 3530 1933 3640 ullo;

247 3699 359 3785 unde
386 3693 540 3806 duplex
566 3693 719 3802 species
747 3682 997 3769 auctoribus.
1065 3681 1125 3766 Os
1151 3678 1265 3764 intus
1292 3701 1338 3763 et
1363 3709 1507 3796 margo
1534 3680 1831 3796 palpebrarum
1855 3711 1932 3767 nu·

248 3853 342 3955 dus,
382 3841 616 3961 papillosus
650 3835 865 3922 coccinea.
934 3833 1063 3918 laidas
1102 3831 1418 3915 fusco-luteae.
1485 3835 1627 3944 Coprrt
1666 3861 1767 3915 cum
1803 3828 1935 3918 initio

246 4001 350 4091 colli
377 3997 541 4116 pullum
568 4019 642 4076 seu
668 3985 961 4102 fuliginosam,
1018 3981 1066 4069 in
1093 3982 1346 4098 quibusdam
1371 3977 1485 4064 circa
1510 4001 1690 4064 rostrum
1717 3981 1843 4066 albo·
1861 4013 1932 4066 va-

244 4155 476 4268 riegatum;
528 4145 672 4232 lunula
714 4170 789 4226 seu
830 4140 1008 4224 annulus
1044 4134 1185 4221 amice
1223 4128 1429 4218 deficiens
1463 4131 1761 4248 palpebrarum
1798 4133 1936 4220 albus.

247 4311 408 4421 Corpus
436 4278 684 4399 candidum
714 4297 837 4378 dorso
864 4287 1140 4404 leucopbaeo.
1196 4289 1386 4400 Remiges
1420 4321 1437 4368 r·
1471 4285 1528 4368 ad
1551 4319 1595 4396 7.
1621 4280 1744 4400 apice
1768 4283 1927 4400 nigrae,
2008 4299 2012 4306 ‘

245 4457 430 4544 extimae
458 4450 612 4568 quinae
640 4444 824 4532 exterius
852 4473 949 4530 cum
975 4437 1224 4528 tectricibus
1251 4437 1395 4540 albae,
1441 4433 1621 4544 interius
1645 4433 1929 4550 longitudinu-

245 4609 348 4694 liter
374 4601 804 4715 fusco-nigricantes,
835 4595 997 4682 extima
1022 4615 1204 4680 externo·
1227 4569 1397 4705 quoque
1424 4585 1617 4702 margine
1640 4584 1795 4699 nigrim
1828 4588 1929 4681 reli·

244 4788 354 4876 quae
393 4759 518 4840 dorso
557 4753 812 4840 concolores.
898 4751 1100 4836 Tectrices
1138 4767 1315 4862 quatuor
1354 4740 1520 4858 primae
1558 4736 1697 4858 albae.
1776 4742 1930 4828 Catulo

245 4909 453 5029 aequalis,
492 4907 597 4994 alba
652 4905 817 4992 Pondus
844 4901 1060 4990 unciarum
1088 4935 1128 5016 7.
1158 4901 1213 4986 ad
1246 4925 1307 4983 ro.
1371 4895 1566 4980 Memmo
1593 4893 1651 4978 ad
1673 4891 1934 5008 uropygium
