4770 6042
1034 475 1186 552 ’.Ψ-ΞΕ
1902 503 1959 588 ¹³

405 691 451 782 N
455 713 516 780 ot.
557 695 642 780 Per
674 717 819 780 omnes
852 691 951 780 istas
983 691 1176 810 regiones
1212 715 1255 782 et
1283 686 1332 784 iu
1359 721 1511 813 magno
1538 721 1713 790 numero
1740 731 1956 821 nunquam

264 877 323 940 ne
354 847 576 934 minimam
613 846 787 963 quidem
825 848 1071 934 varietatem
1107 848 1352 956 observavi,
1397 849 1480 936 nisi
1512 881 1618 968 quae
1655 885 1778 944 sexus
1808 855 1956 948 distin

264 1003 384 1118 guita
427 1010 531 1086 mari
557 999 693 1085 lorum
721 1021 766 1084 et
793 1000 890 1114 gula
920 1022 1031 1103 atra,
1073 1022 1199 1115 eaput
1226 1023 1270 1086 et
1297 1002 1546 1118 uropygium
1591 1030 1740 1122 gryseo
1754 1061 1768 1074 -
1783 985 1961 1112 luteum,

263 1153 458 1270 jugulum
486 1176 530 1238 et
556 1151 688 1237 latera
716 1150 921 1240 vinaceo·
937 1151 1078 1240 albida
1095 1190 1107 1254 ς
1125 1156 1358 1264 foeminae.-
1399 1154 1489 1240 lora
1516 1157 1658 1256 lusca,
1692 1181 1858 1247 tanturn
1883 1189 1956 1277 grt-

265 1305 311 1394 la
340 1323 452 1410 atra,
505 1307 622 1393 color
647 1303 883 1409 exoletior‚
936 1327 1062 1420 caput
1088 1326 1131 1390 et
1157 1335 1333 1421 uropyg.
1365 1305 1535 1392 cinereo
1567 1311 1704 1415 llava,
1740 1314 1955 1428 pauloque

264 1458 468 1576 pallidius
507 1459 695 1574 jugulum
721 1480 765 1543 et
791 1457 936 1544 latera.
1010 1453 1147 1542 Vivae
1189 1457 1277 1542 avis
1318 1481 1494 1545 rostrum
1535 1461 1752 1548 incarnato
1766 1514 1781 1527 -
1795 1464 1955 1566 album,

263 1612 395 1697 indes
431 1611 637 1697 cinereae.
716 1615 907 1726 liemlges
949 1629 1025 1716 at
1070 1611 1123 1694 ad
1164 1623 1203 1697 Θ.
1246 1631 1462 1696 truncatae
1500 1635 1544 1700 et
1584 1613 1785 1728 singulari
1827 1618 1959 1703 modo

259 1773 427 1852 sinum
443 1815 457 1828 ·
471 1776 664 1868 excisae,
715 1764 949 1878 elegantius
975 1764 1022 1848 in
1050 1791 1180 1847 mare«
1253 1763 1418 1850 Pondus
1444 1763 1626 1851 dauricis
1652 1763 1775 1854 unius
1803 1767 1954 1855 unciae

259 1940 363 2003 curn
392 1933 415 2005 5
446 1921 498 2002 acl
527 1947 570 2028 74
599 1916 811 2038 drachmis
824 1915 1023 2021 ,feminae
1052 1919 1103 2002 ab
1140 1915 1262 2014 1¹,ad
1292 1949 1313 2000 a
1344 1915 1510 2002 uncias.-
1537 1919 1731 2006 Mensura
1753 1922 1807 2008 ad
1834 1948 1953 2036 urop.

259 2075 326 2162 6‘'.
359 2071 427 2156 3‘''.
456 2069 580 2156 rostri
607 2084 660 2162 Bt.
702 2071 859 2158 caudae
903 2073 963 2156 2‘'.
994 2069 1066 2158 3“'.
1108 2069 1233 2154 ulnae
1274 2070 1432 2155 alarum
1474 2075 1534 2157 δ”.
1571 2074 1639 2180 9”’.
1676 2097 1955 2190 expansarum

263 2229 352 2311 21⁶.
385 2234 452 2314 3''.
480 2223 673 2310 intestini
706 2227 788 2338 17⁰.
818 2228 953 2312 coeca
981 2250 1119 2339 parva.
1176 2223 1320 2336 Cystis
1347 2223 1573 2340 conspicua
1599 2223 1732 2312 nulle.

354 2481 472 2570 183.
526 2463 1448 2567 COCCOTHRAUSTES
1514 2473 1868 2568 C'oucuriaur.
1946 2468 1949 2477 ’

362 2699 382 2720 ’·
399 2683 448 2774 C.
477 2715 652 2804 corpore
679 2713 828 2788 roseo,
857 2685 1026 2770 artubus
1054 2675 1194 2767 fuscis.

481 2843 552 2926 An
580 2837 931 2928 Coccothraustes
957 2833 1224 2937 mundantis,
1262 2833 1431 2920 Brisrotr
1457 2861 1554 2921 om.
1582 2831 1660 2920 ut
1690 2865 1731 2954 p.
1763 2845 1859 2930 a5o.-
1890 2867 1952 2956 sp.

544 3007 606 3082 15.
634 2993 718 3080 tab.
758 3028 816 3078 raa
841 2996 917 3104 fig.
947 3002 984 3084 3,
1028 2988 1249 3074 D'oubenb
1286 2996 1384 3102 pict.
1412 2986 1497 3074 tab.
1546 3001 1636 3078 135.
1652 2993 1738 3106 fig.
1774 3003 1842 3078 a?
1868 2989 1952 3080 La.

538 3149 665 3234 thum.
692 3177 785 3259 syn.
812 3146 884 3230 lV.
918 3175 957 3258 p.
995 3175 1079 3249 ¹27·
1112 3171 1155 3224 η.
1183 3173 1245 3246 29.
1550 3199 1560 3213 .

489 3299 626 3384 Loxia
649 3319 768 3384 rosea
796 3293 1090 3384 Gurdenstaedt
1116 3287 1227 3378 Noa
1250 3295 1370 3378 Com.
1394 3287 1555 3410 Petrop.
1586 3287 1676 3380 Vol.
1703 3289 1818 3378 XIX.
1839 3323 1880 3412 p.
1897 3341 1947 3370 ..-

538 3453 622 3538 tob.
658 3483 720 3536 12.

397 3607 448 3690 In
478 3603 641 3721 alpibus
670 3597 911 3691 Caucasicis
938 3631 962 3684 a
991 3599 1067 3684 cet
1105 3593 1485 3714 Gu‘ltlenstoerlt
1512 3597 1750 3703 observata,
1784 3621 1955 3714 praeter

257 3777 443 3846 rostrum
471 3753 784 3873 praecedentis,
814 3777 988 3871 corpore
1017 3773 1063 3838 et
1082 3751 1223 3838 colore
1251 3750 1380 3836 refert
1404 3745 1584 3838 Loxiam
1613 3751 1948 3842 Enucleatorem.

259 3906 461 4028 Speciosa
489 3907 592 3994 avia.
1842 3892 1844 3896 ⁵

399 4063 515 4147 Not.
544 4051 810 4148 Brissoniarra
838 4057 938 4146 icon
972 4081 1151 4145 rostrum
1188 4053 1528 4146 Coccotlrraustis
1568 4055 1797 4174 exprimit,
1825 4059 1949 4150 adeo-

259 4241 345 4330 que
372 4243 459 4300 non
486 4212 665 4300 Luxiam
692 4214 1040 4311 Enueleatorem,
1089 4213 1143 4296 ad
1171 4231 1298 4325 quem
1326 4210 1431 4296 falso
1459 4207 1616 4296 citatur
1642 4241 1667 4296 a
1691 4215 1946 4316 Linuaeo.

260 4365 489 4456 Caeterum
516 4365 618 4454 vide
645 4362 989 4482 Descriptionem
1017 4363 1416 4450 Gr'llclenrtoedri.

430 4621 543 4738 184.
582 4609 1504 4712 COCCOTHRAUSTES
1550 4611 1786 4702 Chloris.

401 4825 452 4916 C.
492 4849 624 4914 rostro
660 4825 953 4932 trochiformi,
1006 4855 1183 4944 corpore
1232 4825 1497 4928 virescente,
1550 4820 1779 4940 remigibus
1801 4817 1949 4917 antico

258 4981 592 5102 rectricibuque
621 4981 863 5074 lateralibus
891 4981 983 5076 basi
1008 4975 1143 5072 flavit·
