4770 6042
483 497 712 586 30.
1248 485 1395 542 Ε

480 695 955 786 Messerschmidins
981 686 1192 806 prodidit;
1221 709 1266 775 et
1279 687 1390 774 circa
1416 691 1668 772 Beresovem
1695 661 1893 804 primum
1907 719 2016 776 anno
2051 705 2168 804 ¹735·

478 849 593 938 circe
620 855 785 964 Nerym
811 847 981 932 demum
1010 873 1119 929 anno
1155 857 1271 952 ¹739·
1301 869 1431 953 quum
1459 867 1557 953 eger
1582 839 1647 924 ibi
1673 839 1856 955 primum
1881 843 1987 928 arari
2008 845 2168 962 cdepit,

479 1031 733 1120 apparuere,
789 1029 901 1084 nunc
928 995 992 1082 ibi
1021 997 1273 1110 frequentes.
1349 992 1420 1076 Ad
1447 997 1624 1089 Lenem,
1677 1020 1731 1074 ex
1757 992 1965 1078 Jrcutensi
1994 995 2167 1110 regione

478 1183 588 1239 anno
623 1185 738 1262 ¹7¹⁰·
769 1171 1060 1268 apparuerunt,
1100 1179 1211 1234 nunc
1241 1143 1578 1264 copiosissisimi,
1620 1145 1806 1232 sednon
1833 1147 1942 1230 ultre
1962 1145 2168 1260 oppidum

477 1301 829 1402 Techetschuisk,
857 1301 931 1388 ubi
952 1325 996 1386 et
1016 1299 1115 1386 Pica
1144 1299 1308 1398 deficit,
1347 1296 1531 1384 lacutiae
1559 1295 1678 1382 nulli.
1736 1303 1997 1411 Spontaneos
2026 1323 2168 1386 tamen

435 1517 439 1526 -
474 1455 521 1542 in
550 1455 731 1572 rupestri
757 1453 987 1540 solitudine
1022 1453 1234 1540 Dauuriee
1262 1453 1375 1538 inter
1401 1451 1597 1537 Ononem
1626 1473 1669 1536 et
1697 1455 1938 1566 Argeum,
1995 1483 2092 1538 cum
2120 1458 2167 1539 P.

475 1606 723 1694 montanina
762 1605 920 1693 mixtos
958 1607 1168 1692 abundare
1209 1605 1322 1711 vidi,
1389 1599 1482 1688 ubi.
1502 1601 1617 1688 inter
1653 1635 1754 1690 saxa
1789 1604 2045 1690 nidulentur.
2118 1613 2170 1696 In

475 1754 773 1852 Cemtmhatce
800 1757 975 1847 omnino
1003 1761 1172 1862 desunt,
1203 1781 1310 1845 teste
1339 1761 1576 1844 Stellero.

611 1911 730 1996 Not.
788 1917 1002 1998 Passerem
1030 1911 1310 1998 domesticum
1338 1881 1473 1996 totum
1503 1907 1783 2008 albissimum,
1835 1908 1949 1994 inter
1975 1911 2168 2025 vulgares

475 2061 809 2162 obvolitantem,
864 2064 976 2150 circe
1015 2065 1274 2150 Nosocomin
1317 2061 1519 2150 militarie
1561 2061 1776 2180 Petropoli
1817 2061 2039 2148 observavi
2068 2091 2168 2148 vere

485 2248 603 2326 6796,
648 2211 806 2300 Itidem
847 2217 1073 2302 candidam
1113 2217 1362 2302 varietatem
1403 2216 1533 2302 hebet
1584 2247 1765 2302 museum
1816 2215 2167 2333 Petropolitanum

472 2397 607 2488 prope
634 2370 783 2454 urbem
811 2367 1011 2455 occisum.
1084 2367 1263 2483 Nigrem
1300 2369 1464 2455 ibidem
1506 2370 1771 2454 observatam
1797 2365 1947 2467 fuisse,
2002 2365 2168 2452 notavit

476 2523 824 2632 Krescheninikof
858 2519 905 2605 in
945 2523 1033 2606 obe.
1074 2523 1163 2605 MS.
1192 2525 1268 2610 sed
1296 2518 1472 2606 minime
1500 2521 1584 2604 fide
1613 2515 1719 2605 haec
1749 2519 2009 2616 observatio,
2037 2533 2165 2634 quen·

473 2671 705 2788 doquidem
747 2669 903 2788 hyeme
941 2703 1128 2788 passeres
1168 2673 1319 2760 calo'ris
1358 2703 1482 2759 cause
1520 2703 1643 2787 saepe
1685 2671 1732 2757 in
1761 2671 1946 2759 caminos
1988 2675 2165 2757 descen·

474 2825 599 2921 dunt,
655 2821 730 2907 ubi
760 2853 784 2906 e
811 2821 990 2936 fuligine
1032 2825 1240 2938 denigrati
1282 2825 1465 2908 alienam
1501 2819 1658 2910 faciem
1681 2826 1867 2912 ‘induunt
1895 2848 1940 2913 et
1966 2823 2167 2912 mihimet

474 2975 559 3094 ipsi
585 3001 663 3094 pro
690 2969 810 3092 nigra
838 2973 1042 3062 verietate
1070 2975 1202 3062 adlati
1228 2997 1336 3061 sunt.

818 3321 930 3439 198.
1028 3316 1387 3412 PASSER
1481 3315 1824 3420 Montaniana.

507 3565 512 3576 ¹
613 3601 657 3684 P.
687 3599 785 3714 gula
812 3574 957 3714 nigre,
985 3626 1160 3716 corpore
1188 3596 1427 3712 ferrugineo
1455 3597 1681 3720 nigroque,
1721 3597 1928 3716 uropygio
1954 3599 2164 3691 virescen-

475 3769 544 3856 te,
562 3749 700 3868 etrige
728 3752 887 3838 elerum
916 3755 1011 3839 elba
1040 3753 1222 3867 gemine.

692 3912 838 3993 Passer
864 3927 1086 3991 montanus
1113 3928 1351 4010 auctorum,
1414 3906 1636 4019 Wzlughb.
1665 3939 1751 3994 orn.
1781 3941 1822 4026 p.
1858 3918 1946 3995 185.
1977 3906 2061 3993 tab.
2089 3923 2162 4014 46.

747 4061 889 4148 Athin.
935 4091 1001 4144 ev.
1030 4064 1106 4145 m.
1136 4057 1221 4144 tab.
1251 4072 1318 4144 66.
1378 4059 1531 4144 Frisch.
1559 4063 1595 4145 I.
1633 4079 1729 4146 sect.
1760 4093 1799 4147 6.
1831 4061 1916 4146 tab.
1945 4093 1985 4172 7.
2004 4063 2090 4176 fig·
2118 4073 2162 4150 3.

750 4213 954 4300 Edwards
981 4245 1047 4298 αυ.
1077 4211 1163 4298 tab.
1193 4225 1286 4318 269.
1815 4237 1822 4246 ·

700 4361 903 4478 Fringille
931 4387 1146 4464 montane,
1174 4367 1264 4448 Lin.
1293 4383 1399 4476 syst.
1427 4365 1524 4450 ΧΠ.
1552 4369 1588 4450 I.
1615 4399 1654 4482 p.
1687 4381 1780 4472 364.
1809 4397 1871 4484 sp.
1902 4381 1969 4476 37.

696 4515 898 4600 Moineeu
911 4519 965 4604 de
977 4515 1133 4634 ehemp
1144 4545 1199 4602 ou
1221 4519 1411 4630 Friquen
1440 4519 1657 4606 D’aubent.
1672 4529 1770 4632 pict.
1786 4519 1872 4604 tab.
1886 4533 1978 4631 667.
1998 4517 2075 4634 fig.
2095 4549 2132 4606 1.

695 4665 1012 4774 'rree-Finch,
1068 4671 1258 4756 Laidem.
1286 4701 1379 4782 syn.
1409 4674 1485 4756 ΠΙ.
1516 4705 1559 4787 p.
1589 4687 1680 4759 656.
1712 4703 1751 4756 η.
1782 4705 1820 4754 6.

585 4815 843 4905 Nominibus
871 4818 1051 4936 piebejie
1077 4819 1291 4937 plerisque
1319 4853 1413 4908 cum
1441 4820 1713 4940 praecedenti
1741 4819 2024 4909 confunditur.

587 4967 751 5062 'Peterin
776 4973 859 5060 Ors
873 5023 892 5040 ·
918 4973 988 5058 vel
1020 4975 1203 5061 Ummn·
1217 4981 1350 5091 terget
1376 4975 1611 5090 (sylvestris
1639 4983 1815 5092 Passer).
