4696 6054
1044 455 1050 468 Ι

965 471 1112 522 Ε
1227 484 1233 494 ’

412 677 528 759 Anas
555 671 743 774 cristata,
772 671 865 792 Raj.
896 702 961 758 av.
993 703 1034 787 p.
1070 688 1157 777 142.
1186 645 1310 784 A.'7.'
1369 640 1371 649 Ι

413 831 528 912 Anas
555 823 774 943 palustris,
833 829 988 912 Frisch.
1018 855 1083 912 au.
1114 825 1200 909 tab.
1235 857 1323 936 ¹7⁰·

414 981 530 1064 Anas
567 976 790 1063 Glaucium
834 975 1105 1091 (Morillon).
1160 980 1341 1064 Brittan.
1382 1007 1468 1064 orn.
1500 979 1571 1062 Vt.
1602 1011 1643 1096 p.
1674 989 1770 1085 406.
1801 977 1893 1096 tab.

473 1127 540 1219 3'6.
562 1135 646 1243 fig.
683 1167 717 1213 1.
750 1163 788 1216 2.
817 1141 985 1248 optima.

414 1292 529 1370 Anas
558 1281 797 1369 Glauciont
851 1289 941 1368 Lin.
970 1302 1076 1396 syst.
1105 1287 1202 1368 XII.
1230 1288 1264 1368 l.
1295 1317 1335 1400 p.
1368 1319 1458 1369 201.
1491 1317 1553 1395 sp.
1586 1300 1651 1372 26.

412 1449 566 1524 Brown
594 1437 737 1540 Duck,
792 1439 988 1522 Pennant.
1029 1437 1149 1523 Zool.
1191 1439 1338 1522 britan.
1368 1439 1452 1523 tab.
1484 1439 1536 1554 Q.
1568 1439 1698 1522 altera
1738 1438 1886 1554 Quart.

469 1594 523 1674 ΙΙ.
555 1621 596 1705 p.
627 1625 717 1701 277.
749 1591 866 1675 Zool.
897 1609 998 1673 aret.
1028 1621 1069 1704 p.
1099 1599 1194 1700 573.
1226 1592 1272 1673 F.
1300 1592 1571 1674 Lotham.VI.
1594 1623 1635 1708 p.
1654 1603 1884 1701 537.n.77.

414 1729 562 1830 lAnas
617 1745 789 1828 Gmelin.
813 1749 900 1861 jun.
929 1751 1017 1827 itin.
1046 1745 1100 1826 Π.
1131 1775 1172 1858 p.
1209 1755 1297 1826 163.
1329 1742 1412 1827 tub.
1449 1755 1542 1828 16.-

310 1973 316 1984 .
412 1907 556 1982 tonas
584 1894 744 1997 lurida,
800 1896 972 1980 Gmelin.
999 1915 1105 2007 syst.
1139 1898 1229 1979 Lin.
1257 1898 1310 1976 II.
1339 1928 1380 2011 p.
1411 1907 1504 1981 531.
1532 1925 1593 2008 sp.
1630 1928 1718 2002 ror.

304 2046 478 2134 Rossice
506 2048 837 2166 Bjelobrjusclrlsa
865 2045 972 2158 (albi
1000 2045 1194 2158 ventris),
1239 2045 1415 2132 etitem
1448 2047 1689 2149 Tschernet3
1745 2056 1884 2138 Petro·

360 2198 562 2318 politanis
611 2203 773 2318 Ljesnoi
820 2199 1017 2285 Ts'chirolr
1067 2201 1338 2316 (Querqued.
1379 2197 1606 2314 sylvatica)
1648 2201 1883 2314 promiscue

362 2383 459 2440 cum
488 2357 542 2437 A.
573 2349 762 2466 glacialis
791 2351 933 2467 pullis.

302 2505 485 2594 Ostiacis
515 2507 567 2590 ad
597 2509 748 2618 Surgut
779 2506 1004 2590 Tsclratsclr
1034 2537 1058 2590 a
1085 2533 1189 2590 voce
1220 2503 1422 2610 volantis,
1465 2505 1536 2590 vel
1564 2507 1762 2619 Pyschti·
1777 2541 1884 2596 ruar-

359 2665 454 2745 sech
482 2657 621 2773 (nigra
647 2661 806 2768 Anas);
837 2658 890 2741 ad
919 2662 1082 2772 Narym
1111 2659 1382 2780 Sjaegcdrlda.

330 2815 412 2899 Per
439 2839 610 2897 ornnem
640 2808 833 2908 Rossiam
865 2831 909 2894 et
937 2807 1161 2910 Sibiriam,
1188 2810 1318 2895 etiam
1349 2808 1661 2919 moraliorem,
1692 2815 1885 2929 frequens

192 2995 324 3081 usque
363 2964 411 3049 in
452 2963 813 3066 Carntschatcam,
870 2960 986 3046 lacus
1025 2961 1272 3077 praesertim
1313 2983 1357 3046 et
1399 2959 1549 3048 fluvios
1590 2965 1814 3078 sylvestres
1843 2991 1887 3054 et

194 3118 466 3205 arundinosos
508 3148 665 3202 amans.
743 3121 856 3199 Vere
899 3119 1140 3230 gregariae;
1195 3114 1479 3200 incubationis
1519 3135 1711 3231 tempore
1751 3109 1885 3205 mares

194 3273 394 3356 deserunt
421 3276 644 3383 conjugem
690 3299 795 3385 quae
823 3266 923 3352 dein
952 3299 1047 3353 cum
1077 3267 1195 3384 prole
1223 3290 1370 3357 natant
1399 3271 1526 3354 solae.
1586 3273 1886 3357 Imminentem

194 3447 437 3509 venatorem
467 3425 567 3508 dolo
597 3421 871 3508 audacissime
900 3423 1113 3507 abducunt
1142 3453 1165 3506 a
1192 3421 1340 3537 pullis,
1394 3421 1614 3539 impcnnes
1642 3453 1714 3508 seu
1741 3425 1886 3511 vulne·

193 3599 302 3660 ratas
342 3605 385 3660 se
427 3575 690 3680 simulantes,
736 3577 872 3661 donec
910 3573 957 3659 in
996 3596 1089 3660 tuto
1117 3573 1303 3659 viderint
1330 3576 1495 3690 prolem
1524 3599 1568 3662 et
1595 3601 1685 3661 tum
1715 3579 1885 3664 demum

194 3730 338 3813 volatu
373 3759 416 3813 se
458 3731 706 3813 subducunt.
775 3729 869 3812 Ova
899 3728 1007 3814 alba.
1077 3733 1126 3809 In
1156 3725 1321 3840 Ingriae
1351 3726 1481 3842 sylvis
1511 3728 1677 3846 aquosis
1706 3731 1884 3816 Octobri
1977 3803 1984 3822 .

194 3881 367 3998 copiose
396 3881 556 3967 retibus
583 3880 824 3996 capiuntur,
867 3909 964 3963 curn
992 3880 1111 3994 prole
1138 3876 1289 3996 Anatis
1317 3878 1522 3992 glacialis.
1580 3882 1663 3966 Sed
1692 3904 1789 3965 sunt
1815 3879 1884 3964 iti-

194 4035 293 4120 dem
321 4033 551 4151 pisculenti
576 4035 825 4151 plerumque
854 4031 1023 4147 saporis.
1079 4030 1280 4116 Urinatur
1306 4052 1354 4114 ut
1383 4032 1539 4116 affines.

332 4190 506 4274 Descr.
563 4193 627 4271 Ita
656 4185 815 4270 similes
829 4186 1066 4299 Fuligulae,
1096 4206 1144 4269 ut
1169 4215 1247 4300 pro
1274 4181 1438 4294 juniore
1467 4191 1555 4296 ejus
1582 4187 1703 4300 prole
1732 4183 1883 4272 haberi

195 4357 392 4458 poteent3
436 4343 510 4426 sed
539 4341 728 4425 remales
756 4369 851 4423 aves
879 4339 1091 4454 perfectae
1119 4335 1334 4451 utriusque
1364 4363 1505 4440 sexus,
1537 4360 1581 4423 et
1609 4339 1768 4424 collum
1797 4369 1884 4454 gra-

195 4495 339 4602 cilius,
408 4491 773 4580 distinctissimam
824 4492 1009 4607 speciem
1059 4510 1249 4606 arguunt.
1346 4491 1594 4600 Magnitudo
1635 4493 1885 4608 Penelopes.
2027 4585 2031 4592 .
2102 4547 2105 4562 ι

196 4651 391 4736 Rostrum
430 4647 899 4744 fusco-coerulescens.
943 4640 1087 4728 lunula
1132 4641 1445 4728 coerulescente
1475 4640 1590 4727 circe
1615 4675 1798 4759 unguem
1825 4643 1887 4728 ni·

196 4829 341 4914 grum,
384 4801 586 4888 lateribus
613 4800 916 4886 coerulescens.
976 4791 1084 4882 Huic
1114 4819 1281 4910 quoque
1309 4795 1432 4878 irides
1460 4795 1629 4880 sordide
1657 4799 1808 4900 flavae,
1848 4817 1889 4879 at

197 4951 307 5042 mari
335 4954 598 5066 latissimae.
665 4957 804 5068 Caput
833 4983 929 5039 cum
956 4959 1062 5040 collo
1090 4970 1180 5035 toto
1209 4951 1515 5036 brrmnescente
1547 4971 1703 5056 atrum,
1742 4951 1891 5033 umbra

1424 5109 1444 5152 ί
