4734 6070
1012 473 1158 526 ΕΞ·-
1875 461 1930 558 83

248 688 313 759 est
339 690 455 758 certe
489 663 689 756 Phasiani
729 667 876 786 ignota
918 673 1124 787 quaedam
1169 669 1360 790 species,
1405 702 1525 790 quae¹
1555 675 1686 766 etiam
1727 677 1938 768 calden-

249 826 549 930 stoedtium,
578 846 785 912 attentum
815 823 917 910 alias
945 826 1284 932 observatorem,
1313 827 1454 917 latuit.

571 1135 687 1228 229.
761 1109 1244 1204 PHASIANUS
1325 1115 1621 1218 colonicus.

386 1301 433 1384 Ρ.
462 1299 595 1384 cauda
625 1275 887 1403 acuminata,
928 1329 1026 1386 area
1052 1299 1268 1385 oculorum
1297 1300 1506 1418 papillosa
1533 1301 1786 1408 ruberrima,
1833 1304 1943 1390 occi·

243 1427 341 1568 'pite
368 1451 595 1538 subaurito.

466 1602 696 1694 Phasianus
725 1627 967 1710 auctorum,
1005 1606 1225 1736 Willoghb.
1254 1637 1340 1694 orn.
1369 1641 1518 1726 p.117.
1548 1611 1632 1696 tob.
1661 1625 1726 1698 28.
1755 1615 1847 1732 Roj.
1878 1645 1945 1697 oo.

507 1752 566 1877 ’μ
596 1771 678 1847 66..
720 1761 861 1847 Albin.
890 1793 957 1848 ou.
993 1795 1036 1844 ι.
1057 1759 1143 1845 tob.
1177 1772 1243 1848 25.
1274 1775 1340 1848 26.
1397 1764 1553 1849 Frisch.
1580 1797 1643 1850 oo.
1675 1766 1759 1851 tob.
1795 1777 1883 1850 123.
1901 1785 1946 1848 et

522 1909 703 1998 varietas
731 1914 829 1998 albo
858 1913 1067 1999 maculata
1096 1913 1181 2000 tob.
1220 1933 1309 2020 ¹24·
1349 1935 1394 2001 et
1434 1913 1666 2031 hybridam
1707 1916 1943 2033 egellina,

430 2139 432 2146 .
526 2065 612 2152 tob.
649 2049 1127 2154 rad-Brissomorit.1.
1171 2101 1211 2182 p.
1241 2081 1335 2155 262.
1363 2097 1426 2184 sp.
1463 2104 1496 2156 1.
1567 2073 1732 2182 Boffon.
1771 2101 1857 2156 orn.
1886 2073 1942 2156 ΙΙ.

526 2251 568 2334 p.
598 2231 691 2305 dab.
720 2219 803 2306 tob.
840 2256 901 2305 11.
958 2219 1177 2308 D’aubent.
1207 2229 1305 2335 pict.
1335 2221 1421 2306 tob.
1455 2255 1543 2317 rar,
1573 2255 1684 2328 mas,
1738 2259 1827 2310 roa.
1856 2221 1942 2308 foe·

523 2369 654 2456 mina.

472 2521 704 2610 Phasianus
733 2521 978 2633 colchicae,
1008 2533 1099 2615 Lin.
1127 2546 1234 2640 syst.
1261 2528 1360 2610 ΧΠ.
1389 2530 1423 2610 Ι.
1454 2560 1496 2643 p.
1526 2561 1619 2637 ²7¹·
1648 2559 1710 2644 sp.
1741 2539 1780 2612 3.

358 2651 535 2766 Rossice
562 2679 616 2762 ad
643 2681 881 2783 Terecum,
912 2681 1090 2768 Cumam
1119 2681 1326 2768 etCuban
1354 2680 1453 2766 fluv.
1481 2681 1772 2767 Modsborsboi
1790 2681 1946 2770 Peraea

412 2831 590 2945 (Gallus
617 2828 964 2940 Madsharensis).
1770 2817 1774 2824 ’

355 2982 554 3071 Armenis
582 3006 626 3068 et
653 2980 820 3097 Kirgiso
835 2985 1024 3074 ·Tataris
1051 2989 1267 3073 Korba-ul.
1322 2983 1525 3076 Bocharis
1554 2987 1809 3102 Morgoiton.

358 3135 572 3252 Mongolis
600 3114 755 3250 Gorgoi
782 3145 865 3260 (*);
894 3139 1132 3226 Calmuccis
1161 3141 1331 3253 Gurgul.

355 3289 561 3406 Tangutie
589 3293 734 3379 Dauo.
792 3289 1079 3383 Chinensibus
1105 3292 1325 3378 Jedshtten.

386 3441 591 3529 Habitant
619 3445 839 3560 spontanei
870 3467 914 3531 et
939 3446 1038 3531 satis
1081 3443 1246 3562 copiosi
1286 3441 1332 3528 in
1374 3443 1634 3531 anrndineris
1677 3445 1789 3534 circa
1827 3477 1941 3534 mare

245 3598 474 3718 Caspium,
506 3599 557 3682 ad
587 3605 763 3688 Cumara
790 3599 977 3706 fluvium,
1006 3597 1256 3718 praesertim
1285 3627 1384 3682 vero
1414 3600 1467 3683 ad
1495 3605 1631 3684 Tereo
1645 3624 1690 3685 et
1721 3602 1867 3688 Cuban
1897 3603 1940 3686 fl.

247 3777 296 3841 et
324 3782 493 3838 omnem
521 3751 765 3838 Caucasum.
821 3761 993 3844 Nomen
1021 3752 1290 3841 ruthenicum
1333 3781 1357 3833 a
1395 3751 1615 3837 ruderibus
1652 3755 1703 3839 ad
1734 3755 1938 3856 Cumam,

247 3911 328 3994 sub
355 3903 526 3994 nomine
553 3907 789 4023 Modsbory
827 3908 1082 4010 notissimis,
1123 3904 1334 4008 obtinuit,
1375 3905 1491 4019 quod
1530 3904 1593 3990 ibi
1632 3907 1686 3991 in'
1707 3905 1939 4022 depressis,

249 4065 420 4149 arbusto
445 4082 490 4146 et
516 4060 789 4148 arundinibus
816 4063 965 4149 obsitis
992 4059 1296 4180 frequentiores
1324 4081 1430 4144 sunt.
1487 4061 1707 4174 Apparent
1726 4057 1865 4143 etiam
1878 4057 1941 4142 in·

248 4217 417 4302 tardum
444 4213 491 4304 in
519 4213 718 4304 inferiore
746 4213 920 4330 regione
949 4214 1143 4332 Rhymni
1172 4238 1217 4302 et
1246 4215 1298 4298 ad
1326 4214 1542 4314 Jembarn,
1584 4208 1714 4327 inque
1742 4211 1941 4326 Kirgisio·

246 4397 342 4464 rum
369 4369 536 4456 deserto
565 4367 750 4455 maxime
778 4368 889 4456 circa
920 4372 1022 4455 Aral
1048 4371 1188 4456 lacum
1222 4387 1267 4455 et
1305 4363 1456 4452 fluvios
1485 4367 1539 4450 ad
1566 4363 1939 4468 illumtendentes,

246 4517 430 4636 aliisque
459 4521 718 4614 arundinetis
748 4525 1074 4614 australioribus.

244 4723 518 4744 ψ

299 4833 352 4942 (*)
379 4837 511 4929 Hargot
534 4843 706 4914 biblicam
733 4867 836 4918 avem
866 4845 1001 4940 (Moys.
1027 4848 1081 4920 ut.
1107 4843 1180 4926 m.
1207 4867 1277 4942 cup.
1305 4869 1354 4924 ιι.
1389 4841 1422 4941 §.
1448 4841 1523 4932 22.)
1563 4861 1628 4932 per
1655 4839 1750 4910 hanc
1777 4837 1941 4929 appella·

386 4969 525 5046 limem
550 4990 732 5054 nonnemo
757 4973 946 5076 explicare
972 4970 1102 5068 voluit.
1218 5057 1225 5070 ο

751 5101 755 5112 ’
1489 5117 1510 5160 ο
