4778 6044
494 465 590 576 360
958 549 962 556 ,
1263 485 1415 543 Β

632 699 733 782 Non
761 717 902 782 autem
929 722 1016 780 non
1044 717 1214 808 possum
1240 687 1316 776 hic
1353 686 1618 777 mentionem
1654 685 1789 776 lacere
1823 685 1990 806 precari
2023 687 2191 805 generis

498 881 521 937 a
563 853 648 936 Cel.
689 851 901 964 quondam
943 851 981 932 F
986 866 1188 932 orarero
1229 845 1305 929 sub
1353 847 1652 962 Aptenodytae
1698 842 1870 929 nomine
1913 843 2189 930 constitutum

496 1001 586 1118 (εἰη
626 1005 851 1090 commen.
894 1003 987 1087 Soc.
1024 1031 1110 1113 reg.
1147 1002 1353 1114 Goetting.
1391 1004 1473 1084 vol.
1500 1001 1579 1082 ΙΙΙ.
1610 1031 1650 1114 p.
1686 1033 1774 1082 ror.
1802 1027 1914 1115 seqq.
1946 997 2032 1082 tob.
2070 1033 2105 1082 1.
2133 997 2192 1082 ati

497 1165 588 1270 5z),
628 1157 744 1272 quod
782 1175 828 1238 et
856 1156 1090 1240 Gmelino
1127 1152 1174 1238 in
1200 1157 1433 1266 Syrtcmate
1460 1153 1647 1238 Naturae
1675 1149 1863 1267 placuit·
1922 1149 2045 1237 Licet
2076 1151 2194 1240 enim

491 1306 587 1424 ipse
615 1311 827 1423 quondam
856 1307 1039 1392 similem
1068 1303 1211 1392 itleam
1240 1305 1596 1392 manifestaverim
1626 1309 1657 1415 (:
1674 1309 1816 1420 spicit.
1846 1311 1927 1390 loc.
1955 1315 2026 1390 cit.
2054 1339 2097 1420 ρ.
2128 1314 2189 1420 3.)

492 1483 657 1560 tamen,
684 1483 907 1580 postquam
935 1462 1076 1577 plures
1103 1491 1200 1546 aves
1228 1459 1448 1576 impennes
1475 1458 1769 1559 innotuerunt,
1807 1457 1952 1544 rostris
1981 1456 2189 1560 diversae,

495 1640 540 1701 et
568 1613 678 1700 hene
718 1613 887 1698 missam
929 1613 1040 1699 facio
1079 1637 1122 1700 et
1163 1611 1369 1727 quidquid
1414 1613 1494 1698 Vir
1529 1611 1798 1701 doctissimus
1826 1641 1902 1727 pro
1931 1613 2189 1700 stabiliendo

491 1799 571 1854 nuo
585 1797 751 1882 genere,
781 1765 881 1854 solis
897 1768 973 1852 alis
1001 1765 1272 1883 impennibus
1301 1763 1506 1869 distincti,
1536 1765 1694 1864 attulit,
1724 1763 1834 1848 milri
1855 1793 1939 1848 non
1969 1763 2189 1856 satisfacit.

494 1921 683 2007 Primum
705 1917 912 2034 quoniam
941 1921 1050 2006 Alea
1079 1919 1256 2019 arctico,
1309 1915 1460 2002 habitu
1502 1918 1676 2034 quidem
1709 1915 1995 2033 Aptenodytis
2023 1914 2189 2028 similis,

494 2095 628 2160 rostro
654 2095 799 2158 tamen
821 2071 1050 2156 evidenter
1076 2073 1186 2156 Alco
1213 2093 1288 2158 est.
1346 2071 1472 2178 Dein,
1502 2075 1615 2189 quod
1646 2075 1684 2156 F
1690 2080 1878 2158 oreteri
1900 2071 2188 2184 Aptenodytes

492 2230 774 2339 chrysocome
798 2246 846 2309 et
874 2233 1103 2310 antarctico
1129 2245 1264 2312 rostro
1289 2225 1514 2312 evidenter
1541 2227 1595 2314 ad
1623 2223 1745 2316 Urias
1773 2247 1933 2310 nostras
1969 2227 2188 2312 accedunt.

494 2377 784 2494 Aptenodytes
826 2399 966 2462 autem
1008 2347 1302 2491 ma‘geuantca,
1341 2401 1474 2464 rostro
1514 2377 1619 2468 licet
1659 2379 1830 2496 paulum
1873 2379 2089 2483 anomale,
2134 2380 2188 2464 ab

493 2529 615 2618 Alcis
653 2551 797 2616 tamen
836 2561 985 2646 parum
1030 2529 1169 2616 distat.
1215 2532 1440 2646 ,Denique
1470 2561 1570 2619 vero
1600 2531 1788 2648 reliquae
1818 2532 1904 2616 duo
1933 2563 1957 2616 a
1982 2535 2072 2616 Cel.
2102 2541 2190 2620 niro

486 2680 581 2770 lrue
606 2704 931 2770 connumeratae
959 2685 1183 2804 (Antenori.
1202 2687 1464 2798 Pelagonico'
1489 2707 1533 2770 et
1559 2687 1772 2804 Pnpuauof
1803 2681 1914 2770 mihi
1940 2683 2081 2800 potius
2110 2713 2187 2798 pet

488 2861 626 2924 rostra
654 2838 708 2923 ad
727 2831 1012 2952 Cepphorum
1041 2865 1171 2953 genus
1198 2839 1444 2923 referendae
1471 2838 1667 2924 videntur
1691 2861 1735 2924 et
1765 2833 1867 2923 huic
1895 2837 2043 2952 generi
2074 2859 2193 2954 epte·

490 2988 634 3106 rygias
660 2987 824 3105 species
854 2992 1027 3076 addunt.
1096 2995 1216 3076 Esset
1241 2991 1384 3106 itaque
1413 2995 1554 3076 Genus
1582 2991 1877 3106 Aptenorlytac
1906 2989 2029 3076 rostri
2057 2991 2196 3078 forma

494 3173 629 3258 aeque
652 3141 813 3226 varium
841 3166 887 3228 et
913 3140 1300 3246 indeterminatum,
1333 3174 1381 3230 ac
1409 3145 1621 3258 quondam
1635 3150 1834 3232 Alcarum
1848 3147 2192 3250 Linnaeonorum,

488 3317 542 3380 et
570 3294 669 3378 solis
698 3294 821 3378 alulis
862 3295 1188 3411 pinnisorrnibus
1230 3292 1490 3382 cohaereret.
1560 3301 1699 3382 Avens
1740 3295 1788 3382 in
1831 3305 2001 3411 picturis
2035 3299 2196 3382 D’ou·

497 3447 705 3536 bertoni
732 3445 884 3532 titulo:
940 3451 1137 3534 Manclrot
1165 3450 1216 3534 cle
1245 3449 1399 3534 Scheria
1427 3483 1466 3534 n.
1497 3465 1591 3559 964.
1629 3447 1911 3554 delineatam,
1962 3479 2032 3534 me
2060 3450 2199 3535 fateor

498 3595 705 3713 ignorare,
736 3627 827 3702 nec,
856 3603 970 3714 quod
1000 3600 1144 3706 eciem,
1174 3624 1412 3690 nostrorum
1439 3601 1620 3690 marium
1647 3601 1790 3690 incola
1815 3629 1894 3694 est.
1952 3609 2026 3692 Me
2049 3605 2197 3720 judice

494 3751 580 3844 erit
608 3753 663 3840 ad
690 3749 891 3871 Cepphos
918 3755 1153 3844 referenda.

991 4041 1113 4146 412.
1186 4023 1408 4122 ALCA
1493 4028 1691 4124 Tarda
1733 4065 1739 4074 ·

636 4215 691 4302 A.
718 4233 853 4298 rostro
881 4242 1119 4328 compresso
1146 4211 1421 4322 subincurro‚
1468 4217 1561 4304 basi
1587 4219 1762 4336 oblique
1789 4219 1966 4308 sulcato.

717 4369 828 4454 Alce
854 4369 1016 4466 Torda,
1045 4371 1135 4452 Lin.
1163 4389 1269 4482 synt.
1298 4371 1397 4454 ΧΠ.
1425 4373 1459 4458 Ι.
1486 4405 1528 4488 p.
1559 4405 1647 4458 aro.
1677 4406 1741 4490 sp.
1774 4408 1808 4460 1.

614 4545 618 4552 '
721 4520 847 4623 Alea,
891 4523 1003 4606 Clus.
1032 4541 1143 4606 exet.
1172 4556 1213 4638 ρ.
1244 4537 1339 4636 367.
1366 4527 1585 4611 Brilruriclr.
1612 4527 1777 4614 Ornith.
1806 4563 1847 4646 p.
1883 4560 1972 4614 roo.
2012 4528 2200 4614 Brism.

776 4672 883 4758 Orn-
925 4673 999 4756 Vl.
1044 4705 1084 4789 p.
1128 4687 1197 4782 89.
1231 4707 1272 4764 n.
1306 4711 1347 4762 a.
1374 4679 1464 4764 tob.
1493 4691 1535 4766 8.
1553 4681 1640 4795 fig.
1677 4720 1710 4766 1.
1770 4679 1993 4794 erlughb.
2022 4681 2124 4768 Om.
2152 4713 2199 4796 μ.

777 4835 875 4929 εβ.
917 4825 1005 4911 tab.
1049 4841 1116 4932 64.
1154 4829 1241 4941 fig.
1289 4865 1324 4916 1.
1379 4831 1521 4918 Albin.
1571 4865 1641 4920 ov.
1681 4839 1757 4922 Ill.
1801 4867 1843 4952 p.
1883 4867 1953 4942 9⁰·
1997 4835 2084 4921 tub.
2126 4848 2198 4941 9⁵·

771 4977 973 5066 eumne.
1001 5011 1067 5068 au.
1095 5015 1138 5098 p.
1167 4995 1265 5072 358.
1291 4987 1427 5075 Klein.
1451 5007 1573 5078 curu.
1601 5021 1670 5078 aar.
1696 4991 1768 5080 tab
1784 5001 1850 5080 38.
1868 4989 2203 5106 fug-a.(caput)
