4696 6054
992 457 1140 512 =
1822 463 1902 548 191

431 656 651 748 Rusticola
678 687 752 745 seu
780 659 975 748 Glarsula
1003 689 1196 780 pugnax,
1227 657 1382 754 Prisci.
1410 693 1477 752 aa.
1507 663 1590 752 tab.
1621 676 1697 752 232
1730 667 1788 752 ad
1815 679 1908 756 aas.

490 813 728 902 varietates.
758 815 845 902 tab.
875 813 968 902 238.
1004 813 1202 901 foemina.
1270 817 1432 904 Marsil.
1460 817 1613 903 dunub.
1643 819 1693 904 V.
1723 819 1809 906 tab.
1842 839 1908 930 ²4·

437 971 609 1082 Trynga
635 997 831 1084 pugnax,
872 970 1054 1052 Briason.
1095 998 1180 1054 orn.
1222 971 1272 1056 V.
1317 1002 1358 1086 p.
1405 988 1498 1076 240.
1534 971 1621 1060 tub.
1663 1005 1728 1058 aa.
1750 975 1838 1088 fig.
1872 1011 1907 1062 a.
1972 1029 1976 1039 »

489 1127 584 1205 Mas
595 1155 606 1222 ;
625 1124 710 1234 fig.
742 1155 780 1204 a.
810 1117 982 1205 femina.
1038 1122 1129 1205 Lin.
1157 1142 1263 1234 syst.
1291 1125 1388 1204 ΧΠ.
1416 1126 1451 1206 Ι.
1481 1158 1522 1241 p.
1553 1142 1647 1234 247.
1673 1159 1736 1244 sp.
1774 1163 1809 1212 1.

433 1273 587 1375 Ruffe,
618 1271 1011 1359 resalutata.
1042 1305 1083 1388 p.
1118 1288 1205 1360 123}
1236 1305 1298 1390 sp.
1330 1287 1370 1361 3.
1399 1275 1485 1362 tab.
1513 1281 1563 1363 E.
1614 1283 1806 1366 Latham.
1837 1312 1904 1368 av.
2009 1366 2016 1376 ,

488 1429 538 1513 V.
568 1459 608 1544 p.
645 1441 733 1533 ¹59·
763 1459 803 1510 n.
848 1461 882 1511 ι.

432 1585 490 1664 Pa
520 1609 575 1664 on
603 1580 658 1664 de
686 1607 804 1678 mer,
831 1579 1050 1666 D'anbent.
1079 1590 1178 1698 pict.
1211 1581 1298 1668 tab.
1329 1595 1423 1672 305.
1450 1613 1552 1690 mas,
1583 1595 1677 1672 306.
1705 1583 1905 1675 foemina.

324 1731 498 1822 nostiae
531 1734 768 1820 Turuchta'an
796 1732 866 1818 rel
897 1731 1107 1820 Tnatttn
1134 1733 1205 1818 vel
1232 1738 1495 1843 Kurochtan,
1536 1733 1585 1822 in
1612 1734 1768 1825 Sibiria
1796 1741 1906 1826 Mor·

377 1892 467 1974 situi
493 1889 719 1975 Petuachok
747 1886 959 1997 (marinus
987 1885 1180 2000 Gallus).

326 2041 504 2154 Vogulis
534 2062 579 2126 et
606 2039 791 2128 osriacis
821 2041 1008 2136 Tulochr
1048 2041 1102 2126 ad
1145 2043 1310 2156 Narym
1347 2045 1575 2132 Keos-Sese
1615 2041 1673 2152 (i.
1709 2071 1748 2128 e.
1785 2041 1907 2130 diret

381 2199 592 2309 Tryng'a).

321 2346 553 2458 Samojedis
580 2347 808 2463 Nati-pitter
835 2343 892 2456 (i.
923 2375 961 2432 e.
998 2347 1305 2458 ruficucullus).

321 2497 528 2612 Tungusis
557 2501 737 2612 Notaty
749 2535 764 2596 ,-
791 2499 977 2586 Lamutis
1009 2499 1221 2586 Tachehilt.

322 2649 518 2738 Coraecis
551 2650 773 2770 Tschejaju.
862 2751 864 2756 Ι

321 2801 657 2894 Camtschadalis
692 2806 1110 2894 Tacheianstuttrutsch.

350 2965 430 3046 Per
456 2987 627 3046 omnem
655 2957 848 3046 Rossiam
874 2984 919 3046 et
947 2958 1147 3056 Sibiriam
1172 2955 1219 3046 in
1261 2957 1451 3077 aquosis,
1495 2955 1682 3050 maxims
1723 2959 1903 3050 boreali·

204 3115 316 3213 bus,
341 3093 483 3199 immo·
503 3141 634 3226 usque
663 3113 716 3198 ad
744 3111 943 3200 arcticam
972 3115 1167 3232 plagam,
1196 3140 1397 3230 perquam
1427 3113 1609 3229 vulgaris
1636 3139 1724 3220 est,
1754 3113 1905 3229 migra·

205 3265 339 3354 tionis
370 3288 559 3382 tempore
588 3263 716 3352 etiam
743 3265 789 3352 in
818 3265 1187 3384 temperatioribus
1216 3264 1427 3371 occurrit,
1469 3270 1544 3354 sed
1572 3266 1636 3354 ibi
1664 3299 1749 3354 non
1775 3266 1904 3385 proli·

209 3423 324 3506 ficat,
379 3424 429 3504 In
460 3416 756 3507 Camtschatca
780 3449 877 3507 ‘raro
907 3441 1119 3536 apparent
1191 3419 1332 3505 Etiam
1360 3420 1577 3537 Petropoli
1611 3442 1777 3508 tantum
1805 3447 1905 3508 rere
1978 3401 1983 3408 .

208 3575 387 3676 adsunt,
415 3573 652 3660 transvalae
681 3601 823 3660 versus
849 3571 1106 3660 borealiores
1132 3573 1319 3690 paludes.
1389 3569 1530 3662 Mares
1557 3596 1748 3692 tempore
1777 3575 1908 3661 oestri
2018 3665 2023 3672 ,

206 3749 443 3842 pugnantes
485 3726 699 3814 cucullum
740 3726 927 3844 arrigunt
966 3726 1259 3842 plumaceum,
1309 3755 1437 3841 quem
1490 3749 1690 3812 autumno
1734 3728 1826 3812 fere
1867 3757 1907 3810 u·

206 3879 400 3966 mittunt.

349 4033 392 4116 N
398 4055 461 4120 ot.
491 4037 660 4122 Femina
687 4035 828 4122 colore
857 4033 1054 4136 sordido,
1083 4027 1198 4118 haud
1232 4030 1459 4135 variabili,
1501 4031 1753 4144 defectuque
1781 4031 1906 4144 jubae

203 4185 457 4303 plumaceae
485 4186 596 4273 circa
627 4188 786 4274 collum
814 4221 837 4274 a
865 4219 975 4274 mure
1002 4187 1162 4292 differt,
1189 4210 1237 4281 ut
1264 4208 1379 4271 recte
1408 4189 1714 4274 Britannias
1742 4203 1787 4268 et
1814 4182 1905 4318 alii,

207 4345 355 4426 Mures
399 4340 610 4432 coloribus
651 4339 712 4426 ita
755 4343 929 4444 ludunt,
970 4361 1017 4426 ut
1055 4339 1232 4426 difficile
1274 4337 1330 4423 sit
1368 4339 1473 4425 duos
1511 4335 1672 4422 similes
1699 4333 1908 4424 invenire.

208 4492 472 4612 Praecipuae
501 4495 543 4578 V
539 4503 730 4580 ariarates
756 4514 876 4580 sunt:
915 4493 1066 4610 quibus
1103 4461 1291 4604 cucullus
1320 4489 1502 4575 serianus
1514 4550 1530 4590 ,
1572 4489 1792 4576 violaceo·
1807 4513 1909 4594 ater,

196 4647 357 4751 luteo,
401 4649 551 4734 albore
580 4647 650 4732 vel
680 4671 831 4763 gryseo
859 4647 993 4764 magis
1021 4645 1213 4732 minusve
1255 4645 1510 4745 maculatus;
1549 4641 1765 4759 quibusve·
1783 4642 1908 4760 plane

199 4803 360 4916 niger,
389 4801 458 4886 vel
485 4803 658 4887 taudem
686 4799 840 4916 quibus
869 4803 994 4919 plane
1024 4823 1069 4886 et
1097 4830 1192 4886 cum
1221 4798 1362 4916 capite
1392 4797 1540 4898 albus,
1567 4796 1638 4882 vel
1665 4793 1794 4880 nullis
1822 4825 1907 4880 ma·

197 4952 344 5055 culis,
370 4953 441 5048 rel
467 4952 649 5072 sparsis-3
683 4973 737 5061 et'
754 4951 825 5044 his
856 4984 1024 5074 quoque
1067 4981 1218 5068 corpus
1247 4967 1426 5066 gryseo,
1469 4947 1660 5068 pallido,
1703 4944 1907 5064 nigroque
