4696 6054
507 497 597 584 214
1272 491 1427 544 =³

500 700 647 805 edita,
678 683 890 813 longeque
922 663 1191 784 exaudienda
1230 705 1450 812 poetarum
1486 693 1634 780 laudes
1677 693 1766 804 jure
1807 691 1972 792 meruit,
2000 715 2040 780 et
2073 699 2167 812 rpud

501 853 651 968 'vulgus
693 857 921 937 Rossomm
959 873 1005 936 et
1042 852 1313 936 barbarorum
1348 845 1521 934 nomine
1562 846 1664 931 inde
1701 843 1984 959 distinguitur.
2048 849 2172 938 Etiam

505 1005 701 1122 quaede·
724 1001 943 1123 morientis
973 1003 1114 1118 Cygni
1139 1000 1326 1088 carmine
1352 1003 1598 1102 traduntur,
1639 1027 1725 1082 non
1768 996 1888 1082 omui
1923 999 2173 1086 fundamento

506 1180 679 1258 carent,
707 1155 1051 1274 quandoquidem
1080 1153 1251 1240 mortali
1278 1155 1453 1240 vulnere
1480 1173 1615 1236 tactus
1644 1151 1762 1254 Olor,
1792 1147 1989 1236 ultimum
2014 1153 2172 1238 reddens

504 1307 716 1409 halitum,
742 1308 929 1395 similem
958 1337 1130 1410 sonum,
1160 1320 1255 1394 aere
1284 1335 1309 1392 e
1337 1303 1511 1393 trachea
1539 1302 1806 1420 exspirante,
1842 1303 2001 1420 profert
2028 1325 2071 1390 et

727 1460 824 1565 Sic,
855 1461 930 1548 ubi
959 1462 1044 1547 fata
1072 1482 1247 1566 vocant,
1279 1459 1373 1545 udis
1403 1461 1588 1573 abjectus
1614 1457 1661 1542 in
1689 1454 1857 1562 herbis,

788 1616 860 1700 Ad
889 1617 997 1702 vada
1026 1612 1247 1700 Maeandri
1263 1610 1466 1701 concinit
1493 1599 1610 1698 albus
1638 1610 1756 1698 Olor.

642 1769 756 1855 Not.
791 1805 825 1853 ι.
885 1771 1076 1854 Variatur
1103 1767 1263 1883 duplex
1291 1765 1435 1853 Oloris
1460 1765 1506 1851 in
1535 1762 1691 1852 Sibiria
1726 1765 1994 1852 observatur:

587 1965 630 2014 a.
674 1925 778 2038 Maj
787 1951 860 2022 or,
905 1919 1042 2035 qualis
1071 1925 1263 2035 Europae
1290 1940 1335 2002 et
1363 1917 1538 2003 Rossiae
1567 1913 1789 2002 maritimis
1818 1943 1908 2001 esse
1943 1919 2078 2024 solet,
2118 1915 2180 2032 qui

503 2075 691 2194 pondere
718 2071 968 2194 plemmque
996 2069 1125 2156 libras
1153 2069 1353 2185 triginta,
1383 2070 1453 2155 vel
1479 2065 1904 2186 triginta-quinque,
1939 2071 2072 2156 rarius
2097 2099 2182 2185 qua·

505 2223 699 2341 draginta
728 2227 914 2311 medicas
944 2245 1108 2338 aequat.
1162 2220 1354 2309 iuniores
1383 2255 1406 2306 a
1437 2235 1487 2308 26
1518 2225 1570 2308 ad
1599 2235 1648 2310 30
1678 2221 1807 2306 libras
1834 2226 2036 2338 pendent.
2085 2221 2182 2306 Huic

502 2385 677 2493 remiges
706 2391 781 2464 36.¹
801 2387 990 2463 rectrices
1020 2410 1086 2460 no.
1141 2377 1271 2461 hides
1297 2376 1529 2461 subfulvae.
1598 2379 1716 2462 Cutis
1741 2395 1835 2460 toto
1862 2405 2041 2494 corpore
2068 2377 2196 2470 fisca,

506 2531 694 2616 Trocbea
722 2559 852 2644 usque
881 2527 927 2614 in
957 2527 1086 2612 sterni
1114 2527 1252 2612 sinum
1279 2507 1419 2633 recta,
1447 2513 1688 2645 ⁴compressa
1700 2588 1714 2627 ,
1740 2523 1844 2614 hinc
1870 2552 1981 2618 teres
2012 2531 2121 2616 fecta
2147 2547 2186 2610 et

502 2679 664 2770 celebri
692 2682 878 2767 anfractu
904 2682 1089 2765 flexuosa
1117 2678 1335 2766 thoracem
1364 2681 1534 2765 demum
1562 2679 1808 2796 ingreditur.
1866 2687 2111 2772 intestinum
2134 2697 2186 2786 ¹4-

505 2835 637 2952 pedes
665 2835 753 2920 fere
783 2853 962 2947 aequat;
991 2863 1113 2918 coeco
1140 2832 1325 2950 pedalia.
1383 2834 1599 2920 Vertebroe
1626 2829 1730 2919 colli
1759 2847 1825 2922 23.
1861 2835 1919 2922 Hi
1943 2838 2187 2954 plemmque

504 2983 812 3074 candidissimi.

587 3146 631 3238 β.
660 3141 833 3226 Minor
860 3139 1018 3240 altera,
1060 3135 1209 3256 quinta
1246 3140 1334 3226 fere
1374 3165 1494 3260 parte
1532 3140 1810 3258 longitudinis
1848 3139 1985 3262 priori
2014 3145 2188 3244 cedem,

503 3290 691 3408 pondere
719 3290 892 3377 circiter
925 3307 972 3378 16
985 3291 1215 3379 librnmm.
1271 3295 1402 3380 Irides
1428 3293 1530 3381 huic
1559 3293 1865 3382 cinerascentes
1892 3295 1964 3382 vel
1992 3295 2189 3414 pallidae.

504 3443 698 3528 Rostrum
723 3443 856 3530 forma
883 3443 1200 3559 praecedentis,
1241 3446 1333 3531 basi
1361 3447 1534 3535 fulvum.
1601 3451 1805 3536 Rectrices
1851 3461 1911 3536 ιθ.
1939 3449 2016 3536 vel
2045 3483 2111 3534 no.
2138 3475 2190 3532 re·

506 3603 638 3710 miges
665 3610 712 3702 34
721 3635 735 3679 .·
761 3626 885 3712 saepe
914 3611 980 3683 32.
1035 3603 1153 3686 Cutis
1179 3595 1503 3705 livido-rubet,
1532 3600 1650 3718 quasi
1678 3599 1833 3716 frigore
1862 3623 2030 3688 exusta.
2069 3605 2191 3686 Fron·

508 3745 591 3854 tis,
621 3747 820 3854 verticis,
852 3747 1040 3867 collique
1068 3753 1237 3868 plumae
1266 3753 1386 3872 apice
1403 3757 1655 3864 firlvescente
1668 3759 1910 3852 -aureoleer
1952 3753 2095 3840 latera
2131 3781 2190 3836 ca·

504 3897 607 4016 pitis
636 3899 879 3989 obsoletius.
960 3903 1256 4022 Palpebramm
1282 3907 1490 4023 margines
1516 3907 1644 4012 nudi,
1686 3905 1800 3992 flavi.
1869 3911 1947 4018 (In
1984 3899 2190 4024 ejusmodi

501 4049 723 4138 varietate.
747 4055 800 4139 ad
843 4055 1065 4169 Selengam
1104 4058 1314 4176 descripta
1341 4059 1579 4145 mensurari
1617 4059 1930 4176 longitudinem
1958 4095 1984 4147 a
2030 4083 2189 4148 summo

503 4224 637 4291 rostro
668 4208 721 4291 ad
748 4207 1000 4324 uropygium
1029 4211 1079 4299 δ’.
1117 4211 1198 4297 ιο”.
1230 4247 1267 4300 o.
1310 4216 1364 4300 ad
1405 4210 1604 4298 humeros
1644 4217 1693 4296 n'.
1723 4223 1783 4300 δ”.
1812 4216 1884 4300 8”’.
1920 4217 1975 4302 ad
2006 4211 2189 4300 nucham

503 4359 566 4462 7''.
595 4367 665 4442 5'''.
698 4360 820 4447 rostri
849 4363 902 4446 ad
930 4364 1110 4450 frontem
1140 4375 1197 4470 4⁰.
1228 4367 1281 4451 ad
1309 4367 1483 4482 angulos
1509 4364 1593 4453 oris
1620 4363 1681 4453 δ”.
1709 4367 1779 4474 9”’.
1817 4363 2098 4454 altitudinem
2123 4365 2190 4448 ba·

501 4531 592 4592 aeos
618 4511 743 4598 rostri
779 4521 832 4598 r'‘.
864 4519 933 4623 9''‘.
965 4516 1237 4602 latitudinem
1263 4518 1447 4604 extremi
1480 4527 1534 4603 r''.
1565 4517 1661 4620 δι”.
1689 4547 1893 4634 expansas
1920 4521 2010 4606 alas
2049 4531 2102 4606 ὅ.
2130 4525 2187 4628 7''.

504 4687 541 4741 o.
569 4660 711 4748 ulnam
741 4667 897 4752 alamm
934 4669 978 4753 1'.
1013 4671 1093 4754 11¹2
1124 4672 1194 4756 3”’.
1223 4671 1337 4786 long.
1367 4674 1526 4758 caudae
1556 4675 1615 4761 δ”.
1646 4676 1717 4763 3”’.
1745 4670 1878 4760 tibiae
1905 4683 1967 4778 4''·
2007 4675 2103 4764 rim·
2130 4664 2188 4752 dl·

498 4805 579 4923 giti
609 4815 745 4901 medii
775 4821 833 4906 5⁰.
864 4817 956 4935 6'''.)
1025 4825 1190 4908 Collum
1229 4823 1315 4910 fere
1344 4823 1538 4942 longius,
1581 4849 1843 4942 rostrumque
1882 4823 2016 4942 paulo
2059 4824 2187 4932 majus

496 4989 624 5082 quam
650 4968 878 5086 inpriore.
938 4974 1146 5110 Trocbeee
1171 4976 1280 5062 rami
1306 5007 1417 5088 non,
1445 5003 1493 5068 ut
1519 4978 1661 5088 illius,
1690 4975 1958 5098 ampullacei.
1998 4975 2186 5078 Im
