4778 6044
430 441 520 524 312
1197 433 1344 488 Ξ

565 645 671 732 aas
698 643 1006 731 Camtsclratica
1032 641 1186 752 major,
1227 631 1428 750 gallinam
1456 631 1542 717 fere
1559 657 1770 747 aequans,
1812 627 1930 714 etin
1958 627 2115 721 siccato

427 794 662 912 specimine
689 826 785 882 cera
813 799 921 882 flava
949 790 1040 878 visa
1068 812 1157 890 est;
1197 785 1444 902 ceteroquin
1472 781 1710 887 simillima,
1746 781 1830 868 nisi
1858 789 1972 897 quod
1993 793 2115 906 jugu-

425 954 513 1034 lum
538 949 706 1062 punctis
734 948 860 1034 fuscis
888 966 1095 1062 guttatam
1121 964 1166 1026 et
1191 949 1377 1028 rectrices
1406 967 1545 1022 versus
1572 935 1692 1022 basin
1713 943 1904 1024 laterales
1924 936 2113 1044 interius,

290 1122 293 1131 '
424 1100 584 1186 mediae
610 1128 712 1209 vero
739 1101 936 1214 utrinque
966 1099 1106 1199 albae,
1151 1093 1306 1180 atltae
1334 1120 1419 1175 non
1448 1089 1730 1192 acuminatas,
1773 1087 1920 1174 sedin
1950 1089 2116 1206 apicem

423 1279 555 1363 usque
584 1250 845 1339 latiusculae.
918 1255 1007 1360 (An
1044 1247 1129 1334 hoc
1157 1278 1238 1361 pro
1279 1243 1475 1362 specifica
1504 1239 1744 1326 differentia
1772 1239 2034 1354 suffiiciatl).
2058 1297 2117 1316 -·

424 1401 678 1490 Varietatem
703 1427 836 1490 totam
863 1407 1045 1501 fuscam,
1087 1399 1247 1484 vertice
1276 1403 1482 1513 dorsoque
1511 1392 1763 1508 nigrioribus
1790 1396 1977 1482 Massam
2005 1403 2116 1484 Aca·

423 1551 632 1639 domicum
659 1585 683 1642 e
712 1557 819 1642 mari
847 1558 944 1642 albo
972 1553 1117 1640 babet.
1187 1556 1298 1638 Pulli
1337 1549 1420 1636 hoc
1459 1567 1555 1632 sunt
1588 1544 1725 1663 primo
1764 1577 1895 1652 anna,
1947 1551 2117 1666 qualem

423 1699 585 1790 habent
611 1709 973 1796 D’aabentoni
1002 1716 1185 1826 picturae
1212 1704 1297 1791 tab.
1326 1739 1420 1813 991.

559 1859 605 1942 N
609 1880 671 1946 ot.
712 1860 842 1946 Acies
869 1859 1088 1978 palatinae
1116 1857 1163 1942 in
1192 1881 1326 1943 rostro
1353 1853 1479 1972 hujus
1508 1851 1760 1944 Catarractis
1792 1855 1960 1957 adsunt,
1995 1855 2118 1944 utin

422 2003 684 2111 Diomedea,
713 2035 757 2099 at
784 2014 923 2101 minus
951 2013 1074 2100 latae.
1132 2011 1243 2095 Hinc
1274 2040 1431 2096 novum
1462 2007 1675 2093 affinitatis
1703 2029 1979 2094 momentum.

728 2381 858 2488 th
923 2373 1802 2489 PROCELLARIAE.

561 2775 835 2862 Procellarias
863 2799 1004 2865 nostra
1024 2783 1166 2862 Fauna
1193 2797 1358 2860 tantum
1385 2803 1411 2859 e
1446 2769 1553 2858 mari
1571 2769 1802 2879 Orientali,
1832 2771 1944 2862 inter
1969 2777 2120 2868 Asiam

423 2947 468 3010 et
495 2925 765 3032 Americam3
795 2933 1032 3046 complures
1061 2928 1145 3014 sibi
1173 2926 1393 3030 vindicat;
1425 2924 1473 3011 in
1501 2925 1607 3011 mari
1634 2924 1732 3010 albo
1759 2949 1804 3010 et
1831 2929 1962 3017 boreo
1992 2933 2116 3020 raris·

422 3075 528 3160 sime
570 3108 653 3164 una
698 3083 769 3167 vel
810 3081 941 3168 altera
978 3104 1202 3200 apparent,
1245 3111 1327 3184 nec
1355 3077 1464 3166 certi
1491 3077 1596 3194 quid
1623 3079 1676 3162 de
1706 3080 1925 3194 speciebus
1950 3084 2121 3172 Arctici

407 3227 595 3316 ‚Oceani
622 3255 799 3322 constat.

572 3560 577 3568 .
667 3491 789 3600 473.
880 3479 1495 3578 PROCELLARIA
1580 3485 1864 3602 glacialis

557 3694 605 3775 P.
634 3687 886 3776 lassescenti
901 3742 916 3757 ·
931 3722 1054 3800 cana,
1090 3714 1225 3780 rostro
1251 3692 1513 3810 pedibusque
1541 3691 1673 3778 flavis.

639 3841 748 3928 Avis
788 3842 1050 3952 Diomeden,
1105 3848 1360 3933 Lacbmuad.
1405 3879 1588 3962 monogr.
1638 3847 1944 3964 (Anastelaed.)
1998 3885 2113 3948 rano.

693 3995 767 4080 ubi
797 3995 911 4082 icon.
1088 4107 1093 4126 .
1290 4061 1293 4072 ι

650 4147 959 4254 Mallemuclre,
995 4153 1191 4241 Martem.
1220 4155 1445 4270 Spitsberg.
1476 4189 1517 4272 p.
1548 4167 1615 4242 68.
1647 4157 1732 4242 tab.
1761 4159 1814 4242 N.
1832 4160 1919 4273 fig.
1950 4163 2000 4251 C.

642 4304 830 4408 Fulmar,
873 4305 993 4392 Zool.
1022 4306 1116 4392 brit.
1150 4326 1284 4422 quart.
1316 4311 1373 4394 ΙΙ.
1402 4309 1488 4394 tab.
1519 4343 1584 4416 91·
1614 4311 1724 4422 Voy.
1752 4321 1793 4396 io
1820 4315 1880 4398 St.
1909 4317 2038 4402 Kttda
2066 4352 2109 4434 p.

698 4469 765 4544 55.
793 4455 905 4542 icon.
934 4457 1053 4543 Zool.
1084 4481 1186 4546 arct.
1214 4463 1436 4578 Itpsot.
1464 4465 1735 4550 bathanam.
1754 4467 1825 4550 VI.
1842 4499 1883 4582 p.
1900 4482 2106 4580 403.n.9.

637 4607 893 4694 Procellaria
935 4607 1131 4718 cinerea,
1176 4615 1359 4700 Brisson.
1402 4646 1489 4703 ora.
1526 4617 1598 4704 Vt.
1629 4649 1670 4733 p.
1704 4629 1792 4726 143.
1820 4619 1906 4706 tab.
1938 4655 2000 4708 ra.
2017 4627 2108 4740 fig.

698 4793 737 4844 a.
766 4762 985 4848 D’aubent.
1015 4773 1114 4878 pict.
1143 4766 1229 4851 tab.
1258 4781 1325 4874 59.

644 4910 901 5000 Procellaria
928 4913 1141 5033 glacialis,
1168 4921 1259 5008 Lin.
1287 4941 1395 5038 syst.
1422 4923 1521 5011 XII.
1548 4921 1584 5012 f.
1612 4957 1655 5044 p.
1685 4939 1779 5014 art.
1804 4957 1868 5042 sp.
1897 4939 1937 5016 3.
