4734 6070
421 475 484 588 9⁶.
1181 491 1331 552 m

425 697 712 804 Gallinaeeie,
741 697 856 812 quod
882 695 968 784 sint
996 729 1284 814 monogamoe,
1313 691 1619 810 migratioriee,
1654 691 1881 814 pleraeque
1918 725 2114 814 aquaram

427 877 553 968 etque
597 852 798 973 paludum
826 872 1035 956 amantes,
1089 851 1205 938 victu
1233 847 1407 935 animali
1435 847 1587 964 magis,
1633 879 1760 965 quam
1787 851 2018 966 vegetabili
2043 855 2115 942 atl-

425 1007 588 1110 dictae,
637 1003 821 1118 ideoque
849 1025 896 1100 et
927 1002 1117 1118 ingluvie
1153 1023 1344 1098 carentes
1371 1023 1415 1088 et
1442 1000 1679 1098 ventriculo
1712 1003 1848 1096 minuo
1878 1005 2114 1094 musculoso

426 1157 541 1252 haud
568 1155 824 1250 triturantes.
881 1157 992 1244 euru
1017 1179 1159 1242 tamen
1188 1155 1234 1242 in
1262 1153 1458 1242 omnibus
1484 1177 1709 1242 nascuntur
1737 1155 1895 1273 apertis
1924 1157 2115 1250 oculieet

424 1309 568 1404 atatim
596 1331 773 1396 matrem
801 1331 1038 1424 sequntur·
1076 1313 1117 1394 V
1113 1343 1170 1406 oto
1195 1307 1407 1426 plerisque
1434 1338 1537 1412 rara,
1566 1331 1610 1396 et
1632 1307 1797 1424 aliquae
1819 1309 1944 1430 plene
1972 1333 2113 1398 mutae

426 1487 548 1570 euut3
577 1465 721 1553 lerant
747 1462 902 1566 etiam,
933 1491 1011 1550 nec
1039 1463 1330 1579 pulverantur:
1358 1459 1501 1547 saltim
1526 1462 1768 1578 pleraeque,
1798 1491 1883 1551 non
1914 1461 2028 1566 enim
2058 1463 2113 1552 de

424 1615 622 1728 omuibus¹
649 1615 859 1700 affirmare
887 1613 1031 1702 ausim.
1089 1617 1256 1702 Colores
1283 1615 1369 1702 lere
1390 1613 1435 1699 in
1454 1612 1650 1701 omnibus
1677 1611 1792 1700 haud
1819 1615 2113 1732 splendentem

423 1799 620 1890 gryeeue,
648 1767 929 1884 ferrugineus,
968 1767 1170 1885 pallidus,
1208 1769 1326 1858 albus
1336 1829 1350 1874 ,
1377 1797 1475 1862 oum
1503 1765 1625 1882 nigro
1653 1768 1797 1874 mixti,
1827 1765 2115 1884 variegatioue

424 1923 606 2010 diversa.
675 1918 885 2014 Omnibus
924 1923 1059 2016 cauda
1094 1920 1255 2027 brevia,
1307 1949 1362 2008 ue
1391 1920 1437 2008 in
1465 1921 1619 2036 palude
1658 1921 1969 2012 ambulantibus
2003 1943 2114 2012 esset

424 2072 775 2194 impedimento·
806 2073 1035 2190 Pleraeque
1063 2097 1159 2168 eunt
1186 2073 1351 2163 culinae
1381 2097 1477 2192 apta
1503 2074 1676 2183 fereula,
1706 2097 1750 2168 et
1768 2077 1974 2192 quaedem
2002 2073 2116 2170 inter

423 2223 754 2346 exquisitissime
786 2224 1020 2352 apiciorum
1049 2225 1372 2316 delectamenta.

1300 2431 1564 2456 Ἢ

741 2615 751 2634 .
926 2449 1615 2646 xxxv.0T1oes‚

1103 2743 1418 2770 -ι--ιη-ι-ι-ιιι-

563 2829 744 2920 otidum
771 2859 923 2948 genui,
950 2830 1225 2948 tridoctylum
1254 2858 1299 2926 et
1325 2835 1372 2926 in
1400 2831 1518 2920 omui
1545 2833 1659 2922 orbis
1686 2855 1805 2952 pane
1833 2829 2011 2926 minime
2038 2867 2115 2930 uu·

425 3007 656 3090 merosum,
687 3005 822 3076 rostro
847 2984 1041 3102 proxime
1072 2989 1126 3074 ad
1153 2989 1447 3078 Pulveratriees
1475 2987 1666 3089 accedit,
1706 2990 1806 3075 dum
1835 2989 2015 3105 pedibus
2042 2991 2117 3076 de·

426 3133 594 3228 audatie
610 3155 655 3226 et
680 3135 795 3250 collo
806 3138 1024 3254 elongato,
1053 3169 1134 3227 nec
1162 3170 1246 3228 non
1275 3139 1425 3236 habitu
1453 3140 1638 3260 corporis
1666 3140 1831 3256 reliquo
1857 3163 1902 3228 et
1929 3139 2117 3228 morium

427 3286 583 3376 Grauis
608 3317 653 3374 ee
681 3289 1038 3408 consanguineum
1074 3297 1262 3409 praebet.
1330 3299 1429 3408 Ejue
1459 3296 1566 3382 duae
1591 3317 1764 3413 ,tantum
1791 3295 1903 3418 apud
1929 3325 2025 3404 noa,
2066 3317 2117 3386 ut

427 3436 475 3526 in
500 3437 664 3558 reliqua
690 3447 877 3560 Europa,
907 3445 1179 3538 observantur
1204 3445 1380 3564 species.

939 3695 1057 3791 236.
1139 3695 1331 3790 OTlS
1405 3699 1604 3800 Tarda.

568 3899 623 3988 0.
652 3897 893 3994 canescenti
906 3953 920 3971 ·
933 3905 1048 4010 elba,
1099 3907 1223 3997 dorso
1248 3905 1364 4004 [uiro
1400 3908 1604 4032 nigroque
1632 3909 1812 4018 doliato,
1863 3913 1961 4030 gule
1989 3909 2117 4004 marie

418 4047 625 4174 utrinque
651 4055 838 4142 barbata.
2108 4124 2116 4139 ·

652 4206 745 4294 Otie
785 4241 818 4298 a.
858 4209 1000 4300 Turdo
1042 4231 1277 4316 auctorum,
1341 4213 1562 4333 Willughb.
1605 4250 1691 4305 orn.
1726 4251 1767 4336 p.
1811 4255 1899 4330 ¹²9·
1929 4221 2015 4310 tob.
2045 4233 2115 4312 32·

701 4363 794 4480 lloj.
831 4397 897 4474 pu.
937 4397 978 4482 p.
1013 4375 1078 4452 38.
1119 4363 1297 4460 Dedan.
1333 4387 1416 4454 oct.
1442 4373 1519 4463 ΙΙΙ.
1556 4405 1597 4496 p.
1627 4385 1721 4482 3⁰9·
1768 4377 1909 4464 Albin.
1939 4409 2006 4462 ou.
2033 4375 2119 4468 ΠΙ.

704 4514 791 4606 tab.
824 4529 888 4604 38.
919 4531 985 4628 ³9·
1015 4513 1168 4632 (mule)
1197 4519 1351 4612 Fluclr.
1381 4556 1447 4614 αυ.
1476 4525 1561 4612 tab.
1599 4541 1687 4616 ιο6.
1716 4557 1757 4624 a.
1785 4527 1824 4614 b.
1854 4531 1952 4619 Mae
1979 4550 2023 4615 et
2050 4527 2118 4614 le·

705 4663 835 4758 mina.
865 4669 1058 4764 edward.
1088 4701 1154 4758 ou.
1185 4671 1271 4761 tob.
1302 4687 1369 4786 73.
1401 4695 1469 4790 74.
1508 4685 1623 4769 Zool.
1651 4679 1744 4768 brit.
1776 4715 1817 4800 p.
1845 4695 1914 4794 87.
1945 4679 2028 4768 tob.
2055 4679 2118 4776 Ν.

703 4845 806 4908 mu·
833 4823 1015 4912 Brisson·
1043 4853 1130 4910 om.
1159 4823 1201 4910 V
1198 4887 1208 4908 ·
1237 4857 1279 4943 p·
1314 4841 1376 4924 so.
1407 4831 1623 4922 D’aubent.
1651 4842 1750 4952 pict.
1777 4835 1863 4926 tab.
1888 4849 1983 4946 245.
2010 4863 2119 4924 mue

653 4971 751 5062 om
776 4975 938 5082 Tarde,
966 4977 1057 5084 un,
1085 4995 1191 5094 syre.
1219 4979 1315 5072 ΧΠ.
1343 4985 1378 5074 l.
1404 5017 1448 5108 p.
1479 5001 1576 5102 264.
1600 5017 1665 5110 sp.
1697 5023 1733 5076 ι.
