4734 6070
1000 457 1147 520 =
1570 411 1917 589 '⁵161

229 669 304 754 bra
333 667 430 786 (jep
452 667 555 785 jep)
585 659 704 780 quasi
733 657 844 749 Lari.
913 661 1027 750 Loca
1054 663 1241 751 maxime
1269 665 1433 754 deserta
1458 655 1586 756 amat.
1630 669 1766 758 Nidus
1792 669 1837 756 in
1861 669 1922 756 fo„

232 816 354 906 scola
382 823 521 918 nuda;
551 849 631 904 ovo
659 840 889 934 quaterna,
919 816 1173 902 columbinis
1202 818 1382 924 similia,
1412 819 1617 925 candida,
1648 823 1785 908 minus
1813 823 1922 938 poli-¹

229 993 299 1070 ta,
339 973 526 1087 pondere
555 989 583 1077 4
611 973 680 1056 vel
711 985 734 1058 5
764 967 1060 1056 drachmarum
1089 973 1279 1085 adeoque
1308 1003 1331 1056 a
1358 974 1594 1058 Lathomi
1636 971 1922 1092 descriptione

230 1153 358 1240 quam
386 1123 572 1210 maxime
601 1124 777 1208 diversa.
834 1122 946 1208 Caro
973 1123 1188 1238 paululum
1217 1123 1422 1240 piscinam
1451 1126 1552 1212 olet.
1627 1105 1664 1168 ’-

373 1253 546 1364 Descr.
575 1280 768 1364 Rostrum
796 1275 964 1376 debile,
993 1295 1145 1378 tenue,
1168 1275 1375 1390 depresso
1404 1279 1670 1386 subulatum,
1698 1311 1925 1369 recurvum

231 1433 318 1519 fere
347 1431 394 1516 in
421 1455 439 1532 s
467 1427 630 1515 circuli.
689 1433 852 1542 Lingua
881 1427 1015 1512 multo
1042 1425 1231 1530 brevior,
1262 1427 1408 1542 plana,
1439 1430 1647 1542 sagittata.
1704 1437 1833 1526 Irides
1859 1464 1925 1519 ca-

231 1609 414 1674 staneae.
483 1585 644 1698 Corpus
671 1580 789 1665 nivei
816 1579 1034 1683 candoris,
1078 1579 1234 1694 plumis
1276 1580 1577 1681 densiusculis,
1618 1607 1666 1668 ut
1705 1585 1749 1671 in
1778 1586 1927 1672 avibus

232 1735 450 1853 aquaticis.
508 1737 673 1822 Collum
700 1735 952 1848 elongatum.
1011 1735 1148 1848 Caput
1176 1764 1297 1849 supra
1325 1755 1463 1818 totum
1492 1757 1536 1818 et
1555 1738 1716 1838 cervix,
1745 1741 1798 1823 ad
1826 1741 1928 1824 duas

233 1890 405 1992 tertias,
447 1886 812 2002 longitudinaliter
840 1882 983 1998 nigra,
1024 1886 1167 1970 colore
1204 1887 1379 2000 abrupte
1415 1879 1747 2006 circumscripto.
1815 1895 1929 1978 Areo

230 2041 429 2155 utrinque
457 2069 534 2156 per
561 2041 749 2156 scapulas
789 2036 989 2151 obliqua,
1034 2041 1086 2123 ab
1113 2035 1301 2122 humeris
1329 2040 1384 2122 ad
1412 2039 1579 2154 apicem
1610 2043 1700 2130 alae
1729 2043 1930 2161 spuriae,

236 2201 407 2308 aliaque
437 2223 514 2308 per
542 2195 626 2278 alas
656 2227 680 2277 a
709 2194 866 2276 flexura
894 2221 972 2307 per
997 2189 1219 2277 interiores
1248 2192 1428 2304 remiges
1457 2193 1605 2298 ducta,
1634 2195 1767 2310 priori
1794 2194 1932 2310 paral·

232 2346 318 2432 lela
333 2406 347 2445 ‚
376 2368 420 2432 et
448 2378 556 2462 oper:
586 2348 677 2431 alae
706 2343 851 2459 nigram
878 2346 1102 2458 remigibus
1128 2343 1262 2428 tribus
1279 2344 1419 2442 ¹totis,
1454 2344 1595 2459 quinis
1623 2345 1830 2463 proximis
1859 2376 1932 2432 ex·

232 2499 449 2584 tremitate
479 2501 632 2584 sensim
661 2497 798 2584 minus
829 2495 1038 2582 erminus
1067 2496 1210 2609 nigris.
1267 2497 1396 2582 Pedes
1425 2499 1930 2602 fusco-coerulescent'es,

231 2648 428 2768 proceri,
471 2650 673 2767 palmati,
716 2681 837 2766 supra
876 2678 1012 2764 genua
1053 2645 1169 2733 nudi.
1252 2649 1447 2734 Foemino
1488 2651 1630 2738 colore
1649 2648 1930 2738 -exsoletiore
1971 2755 1973 2762 Ι

231 2805 402 2890 Pondus
428 2841 452 2912 9
482 2805 536 2887 ad
570 2838 628 2888 11.
657 2803 901 2902 unciarum3
932 2829 1066 2885 mares
1094 2796 1428 2916 ponderosiores.
1492 2805 1686 2890 Mensura
1714 2837 1737 2890 a
1765 2829 1932 2890 summo

231 2979 372 3043 rostro
389 2945 454 3042 ¹ad
482 2956 735 3072 uropygium
770 2957 851 3040 13'‘.
892 2956 962 3063 pm.
988 2952 1130 3037 rostri
1170 2953 1401 3038 secundum
1439 2977 1703 3042 curvaturam
1742 2963 1803 3048 δ”.
1839 2958 1932 3041 ιο”’.

233 3111 397 3196 caudae
426 3115 482 3196 3”.
512 3109 637 3194 ulnae
666 3109 822 3191 alarum
853 3111 910 3193 δ’.
941 3109 1011 3192 6’”.
1041 3135 1316 3221 expansarum
1347 3107 1397 3190 a'.
1424 3107 1483 3213 4¹ss
1512 3111 1580 3212 4”’.
1609 3105 1815 3198 femorum
1839 3135 1935 3223 pars

233 3264 394 3348 nudata
424 3262 532 3346 ultra
560 3258 787 3346 dimidium
817 3259 872 3343 2''.
902 3257 970 3367 7“'.
1009 3256 1210 3344 tibiarum
1255 3247 1310 3345 'd‘-
1339 3257 1405 3345 6²''.
1449 3260 1574 3377 digiti
1618 3261 1751 3348 medii
1782 3265 1833 3344 1⁰ss
1863 3259 1934 3348 dm.

195 3429 200 3436 '
232 3413 397 3534 postici
425 3421 491 3503 δ”.
550 3415 804 3501 Ventriculus
830 3409 1049 3496 continere
1077 3411 1186 3495 solet
1223 3409 1420 3526 lapillos,
1459 3413 1636 3513 limum,
1676 3414 1934 3500 insectorum

234 3565 466 3680 reliquias,
497 3565 746 3685 praesertim
773 3563 914 3656 cancri
942 3561 1083 3648 salini.
1138 3567 1287 3650 Cocco.
1302 3565 1388 3651 duo
1415 3565 1803 3686 sesquipollicaria,
1834 3563 1933 3650 fusi·

235 3719 370 3808 [ormi
383 3769 399 3788 ·
413 3743 548 3810 acuta.
760 3727 765 3734 “
1546 3703 1553 3719 ’

682 4155 840 4270 XLV·
891 4154 1501 4266 PLATELEA.

884 4419 890 4432 ¹
924 4441 1239 4464 m

384 4643 535 4756 Aeque
565 4637 805 4726 anomalum
835 4634 949 4722 inter
975 4635 1138 4724 Grallas
1166 4663 1324 4751 genus,
1368 4633 1492 4718 affine
1524 4651 1669 4718 tamen
1696 4624 1937 4732 Numeniis,

235 4789 470 4885 constituit
499 4794 709 4898 Platelea‚
739 4815 784 4877 et
812 4819 944 4905 aeque
972 4821 1119 4908 parum
1147 4817 1434 4888 numerosum,
1463 4783 1552 4870 imo
1579 4785 1631 4868 ab
1660 4781 1778 4868 omni
1807 4781 1941 4866 classe

238 4945 392 5038 avium
418 4975 463 5034 se
493 4945 718 5063 distinguit
744 4942 945 5060 singulari
987 4940 1320 5032 conformatione
1341 4935 1498 5042 rostri,
1539 4967 1622 5054 qua
1651 4932 1822 5048 (minus
1849 4930 1943 5053 qui·

1450 5123 1500 5177 ar
