4734 6070
491 533 576 630 138
1253 527 1401 584 ’Ξ-
1510 545 1513 550 “

485 746 638 866 capitis
666 745 922 846 exsoletam,
954 769 1033 825 noc
1062 734 1203 850 gulam
1229 729 1544 826 includentems
1579 727 1772 844 jugulum
1807 715 2071 833 ferrugineo·
2086 717 2154 804 ful·

486 931 613 1006 vum,
644 897 807 1013 reliqua
836 897 980 981 subtus
1010 891 1126 989 alba3
1155 893 1287 974 latera
1314 879 1485 968 cinereo
1499 929 1512 944 ·
1526 875 1712 963 liturata.
1778 877 1982 962 matrices
2022 871 2157 956 latera·

309 1135 317 1144 .
482 1051 545 1140 les
574 1048 727 1138 thachi
754 1069 798 1134 et
824 1045 1014 1161 margine
1043 1042 1177 1127 albae.

620 1205 878 1290 Ventriculus
911 1200 1207 1294 subcarnosus,
1250 1185 1423 1276 insectis
1464 1185 1633 1271 faretus.
1702 1177 1955 1266 Intestinum
1994 1175 2161 1294 pedale3

479 1385 605 1444 coeca
634 1357 719 1442 duo
746 1347 1014 1440 lumbricalia
1026 1409 1043 1450 ,
1069 1339 1335 1460 longitudine
1363 1337 1559 1458 pollicis,
1589 1335 1661 1445 9'‘'.
1690 1334 1743 1420 ab
1772 1359 1866 1418 ano.

476 1729 599 1859 too.
698 1745 1263 1850 cususuarus
1361 1727 1783 1868 hypometanas.
1876 1733 2165 1826 nautor.

616 1963 668 2052 C.
697 1961 1105 2074 subtetmdsctylus,
1133 1983 1307 2076 corpore
1336 1983 1459 2069 supra
1486 1951 1601 2036 furseo
1629 1946 1858 2060 albidoque
1895 1941 2040 2048 vario,
2081 1943 2168 2028 sub·

477 2135 545 2202 tus
571 2113 722 2232 nigro,
751 2113 858 2200 vitta
889 2111 1056 2198 laterali
1084 2107 1395 2222 abdomineque
1433 2103 1553 2190 albis.

667 2241 900 2354 ‘Vanellus
927 2260 1193 2366 helveticus,
1222 2263 1403 2346 Brisson.
1432 2287 1520 2344 orn.
1551 2259 1596 2341 V.
1624 2284 1667 2372 p.
1702 2263 1791 2348 106,
1818 2249 1906 2336 tab.
1939 2283 2000 2336 ιο.
2019 2251 2106 2366 fig.
2137 2283 2170 2334 ι.

756 2419 975 2506 D'oubent.
1005 2425 1104 2532 pict.
1134 2413 1220 2500 tab.
1251 2427 1345 2502 853.
2330 2516 2331 2519 Ν

697 2577 868 2688 Tryuga
897 2565 1136 2672 helvetica,
1164 2569 1256 2652 Lan.
1285 2584 1391 2678 syst.
1419 2563 1517 2648 XII.
1546 2563 1580 2645 l.
1608 2591 1651 2679 p.
1681 2569 1856 2672 ὓδωρ.
1874 2587 1937 2642 ra.
1992 2559 2172 2644 Lutum

762 2755 829 2809 av.
861 2723 907 2806 V.
935 2755 977 2838 p.
1013 2733 1100 2831 167.
1131 2749 1168 2802 n.
1211 2751 1274 2804 ro.
1345 2685 1350 2692 .

588 2877 823 2994 Samojetlis
863 2875 1003 2962 Tuto.

591 3029 776 3118 Ostiacis
813 3028 1006 3142 Lougt'mi
1016 3086 1034 3127 ,
1072 3055 1179 3141 quae
1219 3021 1392 3112 nomina
1433 3018 1563 3107 etiam
1602 3017 1797 3136 sequenti
1848 3017 2014 3137 speciei
2062 3049 2175 3108 com·

643 3181 800 3270 munia.

616 3331 801 3450 Copiose
830 3335 998 3451 plagam
1027 3329 1227 3420 arcticum
1253 3327 1384 3416 totins
1412 3324 1618 3431 Sibiriae,
1660 3355 1802 3412 versus
1830 3323 2056 3416 Oceanum
2092 3331 2176 3448 gls-

475 3483 630 3572 cislsm
657 3487 920 3602 frequentat,
950 3516 1048 3573 cum
1077 3481 1312 3573 Charadrio
1340 3477 1573 3598 apricari0‚
1602 3476 1672 3564 cui
1701 3477 1943 3594 persimilis.
2012 3485 2175 3598 Migrat

464 3635 677 3724 solitaria.
732 3639 995 3726 observante
1022 3636 1069 3722 in
1096 3634 1218 3721 terris
1247 3633 1414 3721 arcticis
1440 3634 1569 3718 Basa.
1599 3633 1766 3750 Sujef,
1794 3631 1860 3718 ibi
1887 3663 1965 3750 per
1993 3637 2172 3722 brevem

459 3809 676 3874 -sestatem
705 3787 995 3906 copiosissima
1022 3811 1113 3893 est,
1143 3817 1220 3905 per
1246 3783 1364 3903 paria
1393 3781 1637 3900 sporadica,
1672 3783 1927 3900 prolificans.
2000 3793 2176 3904 Aquam

480 3937 635 4045 timet,
664 3941 738 4026 sed
766 3939 879 4027 circs
909 3971 1037 4055 aquas
1063 3938 1109 4025 in
1137 3939 1252 4025 sicco
1282 3937 1483 4023 alimenta
1510 3934 1688 4050 quaerit.
1744 3936 1997 4052 Plerumque
2027 3935 2176 4036 currit,

459 4113 518 4178 -et
544 4090 701 4178 insidet
727 4092 946 4179 tuberibus
975 4088 1202 4192 muscosis,
1231 4120 1323 4176 raro
1352 4087 1469 4175 volat
1495 4111 1541 4175 et
1568 4119 1652 4174 non
1691 4089 1831 4204 longe.
1897 4089 2003 4178 Viso
2033 4087 2173 4176 homi·

472 4271 553 4347 ne,
581 4240 829 4360 praesertim
857 4241 903 4330 in
931 4241 1090 4328 vicinia
1118 4239 1240 4340 nidi,
1280 4239 1555 4327 circumvolat
1588 4242 1712 4328 illum
1752 4261 1797 4324 et
1835 4239 2034 4330 clamitat
2070 4271 2173 4330 sono

474 4394 550 4512 qui
576 4397 666 4482 fere
696 4391 902 4510 exprimit
930 4391 1129 4479 tossicam
1157 4422 1307 4478 vocem
1333 4395 1545 4508 Kato-ny
1572 4399 1791 4508 (quorsum
1829 4393 1948 4482 vadis
1962 4402 2033 4508 l),
2082 4399 2172 4484 lou·

474 4575 610 4662 geque
636 4545 904 4662 prosequitur
930 4567 1101 4630 euntem
1130 4567 1175 4630 et
1202 4547 1339 4630 audax
1365 4575 1497 4664 prope
1524 4546 1686 4632 circum
1711 4543 1836 4632 illum
1873 4571 2081 4664 vagatur,
2125 4571 2172 4634 ut

471 4698 654 4784 Vanello
682 4727 850 4814 quoque
879 4697 1008 4784 moris
1035 4719 1112 4783 est.
1186 4698 1336 4784 Pulcra
1364 4697 1479 4808 avis,
1521 4719 1602 4784 stat
1641 4697 1811 4812 egregie
1849 4721 1992 4785 erecto
2024 4701 2170 4804 colle,

467 4871 514 4936 et
542 4879 711 4934 currens
740 4849 825 4934 alas
852 4847 1071 4966 expandit.
1140 4853 1280 4961 Quum
1296 4852 1441 4936 altera
1469 4853 1642 4936 alteram
1671 4851 1811 4956 videt,
1855 4881 2006 4936 vocem
2047 4852 2170 4956 edits

467 4998 609 5090 occisa
636 5029 744 5106 una,
789 5001 920 5090 altera
947 4998 1225 5090 circumvolat
1257 5031 1355 5090 cum
1388 5005 1540 5092 eodem
1567 5003 1766 5090 clamore.
1838 5001 1959 5089 Paria
1992 5033 2169 5124 semper
