4778 6044
1030 503 1176 555 Ξ
1853 501 1941 585 349

350 706 494 794 Rossis
522 701 568 790 irt
597 697 892 792 Camtschatca
919 702 1095 788 Smistun
1124 699 1409 816 (listulatrix),
1443 723 1488 786 et
1516 701 1778 790 Istuostscbils
1810 701 1940 842 (auri-

408 889 482 975 ga,
513 889 538 942 a
564 855 778 965 fistulam).

350 1005 685 1117 Carutschadalis
725 1011 884 1128 Kujaran
922 1007 953 1094 i.
997 1039 1036 1096 e.
1076 1038 1222 1096 remex
1268 1006 1396 1124 (quia
1423 1006 1469 1092 in
1498 1007 1606 1092 mari
1634 1031 1735 1094 ante
1762 1007 1938 1126 sc'apbas

406 1193 527 1280 supra
571 1189 721 1276 aquam
761 1162 881 1275 quasi
923 1160 1074 1268 currit,
1115 1184 1162 1248 et
1204 1160 1462 1278 remigantes
1498 1168 1642 1276 juvat)
1683 1161 1756 1247 vel
1806 1163 1947 1250 Tscbr'·

405 1318 631 1417 mahaleel,
682 1343 779 1399 cum
807 1338 1024 1432 sequente.
1101 1335 1117 1354 “

349 1465 506 1556 Cnrilis
536 1469 717 1579 Pynang
745 1467 814 1550 vel
842 1469 1019 1581 Pylsdun
1045 1466 1116 1553 vel
1142 1469 1287 1556 Pirae.
1348 1553 1351 1560 .

376 1629 425 1704 In
455 1621 628 1706 Oceano
657 1619 836 1722 arctico,
883 1618 1134 1736 pariterque
1162 1619 1275 1707 circa
1303 1617 1642 1708 Camtschatcam
1673 1643 1718 1708 et
1753 1619 1945 1709 inomni

237 1777 345 1862 freto
373 1772 490 1858 inter
512 1769 713 1857 Sibiriam
741 1795 787 1856 et
807 1772 1053 1860 Americam
1082 1775 1298 1859 abundant
1326 1798 1371 1860 et
1397 1777 1556 1893 ubique
1586 1776 1796 1860 fistulante
1826 1803 1934 1860 voce

238 1926 531 2018 exaudiuntur.
593 1923 740 2010 Minus
768 1925 921 2012 stolida
950 1926 1049 2012 aliis
1077 1925 1250 2012 marinis
1276 1927 1441 2013 avibus.
1495 1927 1657 2013 Insidet
1685 1926 1801 2010 saxis
1826 1927 1939 2013 cirea

238 2080 356 2166 littus
398 2099 444 2162 et
483 2077 671 2182 insulas,
714 2076 790 2164 vix
826 2109 1011 2194 unquam
1039 2081 1252 2194 graditur3
1307 2102 1461 2166 natans
1489 2081 1638 2166 erebro
1666 2078 1868 2192 mergitur
1895 2102 1959 2194 et,

237 2232 429 2319 urinatur
456 2229 544 2315 diu.
603 2227 799 2318 Conchas
829 2253 873 2318 et
902 2253 1119 2317 crustacea
1147 2231 1262 2318 varia
1290 2255 1427 2320 vorat.
1466 2229 1690 2318 Solitariae
1706 2235 1759 2316 ab
1773 2231 1937 2325 oriente

239 2383 438 2474 advolant
463 2381 510 2466 in
524 2381 834 2470 Camtscharca.
892 2384 987 2472 Ova
1013 2407 1176 2500 ponunt
1202 2381 1319 2470 Junii
1346 2383 1477 2470 initio
1503 2381 1680 2496 singula,
1709 2382 1759 2468 in
1785 2384 1938 2470 fissuris

238 2537 406 2655 rupium
445 2503 691 2639 inaccessis,
749 2535 902 2653 quibus
941 2560 987 2622 et
1023 2535 1116 2654 ipsa
1159 2559 1294 2622 noctu
1326 2537 1446 2622 latet.
1514 2533 1578 2620 Ea
1620 2565 1700 2620 ono
1727 2536 1861 2621 forma
1889 2559 1935 2624 et

238 2691 351 2778 mole
387 2692 473 2776 fere
509 2687 766 2794 Gallinacei,
807 2688 1095 2807 sapidissima,
1120 2687 1298 2794 oralia,
1339 2689 1555 2776 interdum
1589 2684 1694 2774 hinc
1732 2687 1933 2794 acutiora,

243 2847 358 2948 alba,
416 2839 593 2928 maculis
620 2839 838 2948 testaceis,
895 2842 1149 2960 punctisque
1179 2841 1361 2928 cinereis
1387 2871 1540 2957 sparsa.
1600 2842 1719 2954 (Vid.
1750 2843 1944 2936 Steller·

239 3003 464 3086 connum.
497 2997 605 3080 Patr.
640 2997 713 3081 tV.
749 3029 790 3111 pr
826 3009 922 3099 μδ.
959 2997 1046 3082 ιώ.
1090 3004 1188 3111 ιι.).
1258 2999 1358 3084 Vox.
1383 2996 1517 3110 uulgo
1540 2993 1737 3082 Ficorum
1765 2991 1936 3101 similis,

237 3149 450 3236 interdum
478 3147 681 3234 fistulatas
709 3144 887 3232 humani
918 3153 1127 3236 aemulas.

376 3303 547 3388 Decor.
576 3302 823 3414 Magnitudo
852 3302 1088 3420 Fuligulae.
1142 3304 1336 3389 &aarum
1361 3299 1550 3418 nigrum,
1592 3302 1668 3390 rix
1697 3305 1937 3407 rufeseens=;

238 3455 316 3542 sed·
339 3485 385 3540 os
410 3455 543 3558 intus,
567 3484 669 3539 cum
693 3453 850 3570 lingua,
881 3457 1144 3543 coccineum.
1187 3459 1346 3572 Corpus
1367 3478 1509 3542 toturn
1534 3455 1767 3542 exsoletius
1785 3479 1938 3563 atrurn,

238 3610 380 3696 subtus
410 3605 541 3721 mag-is
570 3607 818 3694 lascescens.
876 3611 989 3695 Area
1018 3623 1167 3724 magna
1199 3609 1252 3694 in.
1274 3607 1418 3695 medio
1448 3608 1637 3716 alamm„
1662 3611 1723 3696 ab
1744 3607 1938 3696 humeris

236 3783 346 3850 totas
371 3756 570 3846 rectrices
599 3759 870 3844 secundarios
896 3791 1103 3878 occupans
1133 3763 1249 3864 alba,
1277 3784 1322 3845 et
1349 3759 1518 3846 humeri
1548 3767 1693 3850 subtus
1718 3759 1825 3868 albi,
1848 3758 1946 3846 nisi}

238 3913 427 4028 margine
454 3943 596 3997 versus
625 3939 787 4026 corpus.
857 3921 932 4020 (In
958 3910 1261 4030 speciminibus
1302 3911 1528 3998 orientalis
1558 3912 1755 4000 Oceani:
1803 3913 1967 4000 fascia-

241 4067 400 4153 alarum
429 4067 586 4181 duplex
616 4065 709 4148 alba
719 4128 738 4170 „
770 4064 978 4181 posterior
1005 4089 1165 4180 tegetes
1192 4062 1453 4164 terminans,
1485 4029 1655 4152 etcum
1684 4066 1815 4152 altera
1843 4069 1937 4152 bra·

242 4219 388 4306 chium
416 4238 586 4332 tegente
626 4246 767 4301 versus
809 4221 976 4306 dorsum
1020 4225 1319 4334 commagene.)
1388 4219 1539 4304 Gauda
1565 4220 1820 4327 rotumum,
1856 4220 1937 4306 alis

241 4375 327 4460 sere
356 4370 551 4474 brevior,
573 4368 822 4456 rectricibus
855 4406 918 4458 ro.
947 4373 1017 4459 rel
1052 4391 1113 4478 ¹4·
1169 4373 1303 4457 Pedes
1325 4369 1551 4458 coccineo·
1562 4373 1707 4472 rubri,
1728 4373 1934 4458 membra·

241 4525 308 4610 nis
334 4554 459 4641 saepe
487 4521 740 4609 foraminulo
768 4523 959 4638 pertusis.
1017 4527 1055 4608 F
1060 4537 1293 4614 nominoe
1321 4523 1578 4610 subsimiles.
1639 4527 1727 4612 Sed
1748 4526 1940 4610 Iuniores

240 4710 361 4796 supra
388 4678 519 4790 nigri,
547 4673 703 4792 plumis
732 4677 828 4762 albo
858 4677 1124 4795 marginatis,
1151 4682 1296 4765 subtus
1324 4675 1482 4778 albidi,
1517 4678 1640 4763 lusco
1660 4675 1937 4762 transversim

241 4831 403 4918 lituroti
443 4855 488 4916 et
527 4828 762 4944 inquinati,
801 4859 897 4918 area
938 4833 1103 4922 alarum
1138 4831 1262 4948 nigro
1302 4831 1489 4916 liturata.
1558 4829 1645 4915 llis
1663 4831 1790 4946 pedes
1816 4827 1930 4933 flavi,

184 4967 191 4982 ¹
241 4983 494 5078 membranis
541 4981 680 5070 luscis.
766 4981 1139 5098 (Brr'r'nniebt'ns
1191 5014 1269 5102 pro
1312 4981 1525 5070 distincta.
1551 4981 1697 5100 specie
1732 4977 1937 5102 posuit),
