4770 6042
1025 477 1177 538 ιι-
1887 465 1948 573 ⁶7

389 683 525 773 Vento
553 703 597 769 et
623 679 898 769 autumriolis:
936 659 1110 799 pectore
1139 705 1183 770 et
1212 679 1290 768 alis
1317 681 1501 800 primum
1531 686 1745 792 candida,
1765 679 1939 780 sensim:

246 869 329 956 que
364 837 521 955 plumis
549 835 656 922 albis
686 834 733 922 in
758 834 923 950 reliquo
950 863 1125 950 corpore
1154 833 1419 951 variegatae;
1460 839 1631 924 demum
1661 842 1803 944 albae,
1847 845 1938 958 plu·

246 991 327 1077 mis
355 989 504 1107 sparsis
544 983 741 1075 coloratis
782 1019 904 1106 supra
933 1012 979 1074 et
1004 988 1190 1076 incollo
1220 991 1479 1098 maculosae,
1536 990 1657 1078 utin
1683 991 1936 1083 Americana

235 1147 299 1228 .E.
330 1143 529 1259 depinxit
558 1144 821 1230 Edwards.

386 1296 619 1410 Hybemis:
647 1299 860 1408 Rostrum,
888 1319 935 1382 ut
962 1274 1159 1397 aestivis,
1189 1269 1428 1412 nigrescens
1458 1301 1524 1413 (in
1551 1331 1665 1387 mare
1692 1299 1936 1417 robustius).

245 1455 442 1568 Corporis
476 1447 606 1534 totius
635 1457 798 1566 plumae
826 1449 1018 1538 candoris
1059 1449 1321 1555 intemerati,
1363 1453 1456 1540 sine
1486 1455 1573 1540 ulla
1599 1454 1726 1538 litura
1754 1457 1823 1539 rel
1852 1488 1937 1541 ma·

242 1605 354 1690 cula.
410 1604 657 1717 supercilia,
699 1624 747 1686 ut
774 1599 966 1709 aestivis,
1005 1604 1091 1688 late
1119 1606 1252 1705 nuda,
1279 1605 1441 1712 lunata,
1483 1604 1710 1725 plicatilis‚
1738 1605 1937 1694 cinnaba-

242 1755 358 1859 rina,
401 1776 497 1846 cute
523 1751 773 1860 tenerrima,
815 1753 1089 1842 subtilissime
1128 1755 1359 1876 papillosa,
1406 1789 1530 1877 supra
1556 1763 1781 1845 terminata
1808 1762 1936 1850 limbo

241 1907 516 2008 tenuissimo,
553 1907 713 2011 libero,
753 1907 995 1995 denticellis
1047 1909 1247 1998 mollibus
1274 1910 1475 1998 confertis
1501 1909 1664 1999 ciliato.
1734 1911 1938 2030 (strigam

241 2062 408 2176 nigram
449 2093 473 2146 a
512 2083 646 2146 rostro
686 2089 761 2176 per
800 2062 965 2169 oculos,
1005 2069 1134 2177 qu'am
1172 2030 1240 2152 Ill.
1282 2065 1489 2175 Buffon.
1532 2069 1639 2175 (orn.
1666 2068 1724 2149 Π.
1752 2100 1794 2184 p.
1825 2072 1936 2180 267.)

239 2211 430 2301 maribus
456 2213 630 2317 tribuit,
657 2243 870 2328 nunquam
898 2215 1049 2301 necin
1076 2215 1330 2302 nostratibus
1359 2217 1568 2324 millenis,
1597 2247 1734 2332 neque
1762 2217 1809 2302 in
1838 2249 1937 2308 exo·

239 2365 341 2452 ticis
385 2365 497 2451 mihi
520 2364 639 2451 ‘visis
679 2367 903 2453 observare
944 2367 1099 2484 potui.)
1157 2373 1347 2481 Remiges
1376 2384 1442 2457 23.
1473 2374 1936 2484 (Messerschmidio

244 2529 334 2633 26.)
376 2517 562 2605 extimae
593 2533 632 2605 5.
661 2520 839 2607 interius
868 2520 1011 2607 abasi
1041 2518 1230 2606 falcatim
1270 2521 1460 2628 excisae,
1490 2521 1753 2610 acuminatae
1782 2545 1826 2608 et
1853 2522 1938 2639 pri-

241 2673 403 2760 mariae
433 2711 472 2785 9.
501 2676 572 2759 vel
600 2704 766 2780 omnes,
796 2675 867 2760 vel
897 2674 1062 2792 aliquae
1092 2671 1358 2794 (praesertim
1388 2707 1411 2758 a
1439 2690 1463 2762 3
1494 2677 1548 2760 ad
1576 2687 1622 2776 5,
1651 2673 1780 2760 etiam
1811 2672 1936 2762 mari·

239 2831 339 2942 bus)
369 2825 601 2940 rhachibus
629 2859 770 2946 supra,
821 2827 962 2914 saltim
991 2829 1038 2912 in
1064 2815 1210 2914 medio
1235 2829 1427 2943 plumae,
1469 2826 1621 2942 nigris,
1661 2829 1786 2946 sae‘pe
1818 2861 1935 2918 acce·

241 2983 369 3068 dente
414 3011 555 3067 versus
597 2981 762 3100 apicem
801 2980 930 3068 etiam
969 2981 1096 3066 litura
1134 2978 1287 3088 lineari
1326 2984 1557 3066 secundum
1592 2976 1773 3066 rhachin
1800 2982 1934 3098 nigra.

236 3139 291 3220 In
329 3134 581 3250 quibusdam
620 3157 764 3221 tamen
792 3134 976 3221 maribus
1004 3163 1149 3219 omnes
1175 3131 1480 3248 remiges-cum
1509 3131 1662 3219 rhachi
1689 3133 1935 3221 candidissi-

238 3318 350 3394 mae,
381 3312 426 3374 et
453 3286 621 3376 feminis
649 3317 815 3406 semper
842 3284 1022 3374 rhaches
1049 3285 1259 3402 remigum
1284 3307 1447 3372 tantum
1475 3288 1726 3373 lassescunt.
1781 3291 1937 3374 Rectrb

239 3473 310 3530 ces
344 3455 405 3530 16.
436 3441 631 3560 aequales
669 3471 814 3547 verae,
865 3463 910 3525 et
940 3474 988 3547 a,
1017 3438 1088 3526 vel
1130 3438 1346 3525 interdum
1375 3453 1414 3526 3.
1444 3469 1569 3556 supra
1608 3437 1769 3526 medias
1787 3425 1937 3528 'acces-

239 3595 625 3692 soriac51aterales
653 3592 850 3711 utrinque
878 3617 1061 3709 septem,
1089 3595 1304 3710 aequales,
1333 3591 1581 3678 latiusculae
1607 3593 1776 3708 nigrae,
1811 3593 1933 3711 apice

241 3747 316 3834 vel
343 3746 532 3864 margine
558 3745 777 3834 terminali
805 3746 902 3832 albo
930 3746 1001 3833 rel
1027 3744 1247 3849 omnibus,
1273 3746 1346 3831 vel
1371 3744 1608 3831 mediarum
1621 3744 1841 3862 proximis,
1871 3746 1934 3833 ita

236 3922 290 3986 ut
321 3897 370 3985 in
399 3901 679 3990 exterioribus
709 3899 862 3987 albedo
890 3897 1045 3986 sensim
1072 3902 1313 4002 decrescat3
1342 3898 1501 3986 mediae
1528 3899 1656 4016 paulo
1685 3897 1935 3998 debiliores,

235 4053 534 4173 longioresque
573 4079 616 4142 et
642 4054 713 4142 vel
739 4053 827 4140 ima
853 4051 944 4140 basi
970 4053 1043 4139 vel
1069 4081 1195 4169 saepe
1223 4051 1332 4138 ultra
1358 4051 1546 4139 medium
1574 4053 1726 4154 fuscae,
1757 4051 1827 4134 vel
1853 4047 1933 4134 eti·

238 4237 310 4291 am
338 4208 427 4293 sola
453 4206 606 4295 rhachi
634 4232 706 4294 aut
731 4207 904 4321 obliqua
931 4207 1055 4324 plaga
1087 4205 1250 4311 fuscae,
1280 4205 1351 4291 rel
1376 4201 1563 4317 denique
1591 4224 1681 4287 tota
1710 4201 1937 4306 candidae,
1983 4269 1987 4274 -

234 4359 426 4448 maxime
456 4361 637 4450 tossicis.
707 4364 970 4450 Accessoriae
1002 4356 1200 4444 rectrices
1230 4391 1253 4443 a
1283 4357 1353 4444 vel
1382 4369 1422 4442 3.
1450 4356 1699 4472 plerumque
1726 4377 1843 4442 totae
1873 4357 1932 4441 al·

233 4515 337 4620 bae,
368 4520 439 4603 vel
468 4520 556 4603 sola
583 4513 740 4602 rhachi
767 4541 909 4599 versus
936 4509 1076 4616 basin,
1106 4511 1301 4599 areolave
1329 4511 1458 4595 lusca.
1514 4514 1566 4592 In
1591 4505 1740 4593 avibus
1765 4505 1932 4594 rossicis

233 4670 366 4786 paulo
393 4668 625 4757 minoribus
653 4670 900 4785 plerumque
929 4661 1250 4752 accessoriarum
1278 4695 1361 4748 una
1390 4659 1621 4768 abortiens,
1678 4662 1749 4746 vel
1776 4658 1928 4767 minor,

229 4852 453 4940 uunquam
481 4846 565 4908 tres
594 4818 818 4936 aequales,·
869 4817 1082 4904 interdum
1108 4841 1251 4904 tamen
1279 4815 1353 4921 iis,
1403 4843 1510 4929 quae
1538 4813 1712 4900 medias.
1729 4813 1928 4900 rectrices

228 4997 278 5063 et
307 4974 487 5094 remiges
514 4973 676 5066 habent
704 4968 1040 5081 candidissimas,
1080 4971 1248 5092 aliquae
1275 4967 1501 5058 tectricum
1527 4991 1664 5056 tractu
1690 4986 1927 5092 transverso

1182 5143 1189 5158 ’
1461 5143 1482 5192 U
