4696 6054
995 500 1147 552 ··''-'·'''''-·
1806 491 1895 592 237

346 696 509 790 Littora
537 692 701 790 Oceani
728 695 919 815 glacialis
954 701 1085 788 totins
1127 703 1387 820 frequentat,
1437 703 1687 822 praesertim
1726 707 1898 826 copiosa
1963 693 1966 702 ’

193 847 321 944 'circa
348 854 635 972 promontoria
662 852 866 970 rupestria
894 856 1046 941 Jalmal
1089 858 1141 941 ad
1181 856 1336 964 ostium
1381 859 1495 946 sinus
1538 859 1745 967 Obensis,
1786 864 1898 947 unde

207 1037 232 1095 e
260 1008 370 1124 gulis
384 1005 706 1094 versicoloribus
735 1005 859 1122 hujus
889 1009 1023 1128 anatis
1050 1031 1269 1096 consutam
1297 1010 1525 1128 pelliceam
1554 1035 1715 1098 vestem
1745 1013 1900 1100 adferri

207 1160 328 1260 vidi;
357 1161 465 1246 item
492 1157 604 1245 circa
648 1165 788 1246 Lenae
829 1161 947 1249 ostia.
1029 1170 1141 1248 Vere
1182 1129 1398 1248 turmatim
1441 1195 1519 1281 per
1560 1161 1901 1252 Camtschatcam

205 1315 417 1430 migrant,
444 1343 604 1430 paucae
630 1314 801 1400 resides.
857 1321 979 1401 Tunc
1005 1315 1307 1432 pinguissimae
1321 1277 1351 1422 ,ι
1371 1319 1560 1432 pondere
1590 1332 1613 1406 5
1647 1317 1789 1404 librar.
1852 1324 1901 1402 In
1979 1293 1983 1300 ¹

206 1467 316 1554 mari
345 1465 659 1581 Carntschatico
688 1465 898 1584 imprimis
927 1469 1166 1583 frequentat
1184 1469 1475 1556 Promontoria
1503 1472 1694 1570 Olutora,
1724 1473 1896 1586 Caraga,

206 1623 398 1738 Lopatka
428 1641 472 1706 et
497 1620 654 1706 insulas
682 1619 872 1724 Corilas,
902 1621 972 1708 ubi
1003 1647 1168 1710 tantum
1196 1653 1297 1710 vere
1327 1639 1556 1740 apparent,
1596 1646 1770 1738 tumque
1808 1624 1902 1739 pin·

204 1773 445 1890 guissimae.
514 1775 623 1860 Cum
649 1775 784 1892 glacie
812 1774 1032 1885 fluitante,
1073 1800 1120 1864 ut
1157 1783 1309 1864 Lutrae
1350 1775 1563 1881 marinae,
1606 1805 1662 1862 ex
1700 1775 1899 1861 America

207 1932 420 2019 adventat.
478 1929 573 2016 Ova
598 1927 646 2014 in
673 1927 882 2043 scopulis,
912 1929 1142 2046 insulisque
1170 1931 1319 2047 ponit,
1361 1930 1538 2018 etitem
1572 1929 1771 2046 lanugine
1800 1957 1898 2044 ope.-

204 2081 286 2186 rit,
321 2087 436 2196 cujus
464 2079 751 2192 teneritudine
780 2101 824 2166 et
851 2080 1106 2215 elaqticitate
1151 2114 1237 2170 non
1265 2083 1442 2172 inferior
1466 2081 1768 2202 praecedeuti;
1809 2079 1899 2166 imo

205 2235 392 2323 similem
419 2232 612 2320 bonitate
641 2234 884 2350 lanuginem
910 2237 1349 2366 praeberent'Anates
1378 2237 1564 2324 marinae
1593 2265 1753 2340 omnes,
1779 2261 1898 2350 prae·

204 2386 354 2476 sertim
379 2391 435 2476 A.
464 2387 610 2503 nigra,
641 2389 819 2495 Marila,
850 2412 998 2494 acuta,
1029 2391 1227 2495 Stelleri,
1267 2390 1472 2507 glacialis.
1543 2397 1593 2476 In
1621 2387 1728 2474 mari
1756 2411 1898 2474 natan·
2008 2425 2025 2442 -

203 2565 270 2628 tes
296 2545 351 2626 A.
380 2545 624 2657 spectabiles
653 2571 775 2657 aegre
804 2545 1053 2644 subvolant,
1094 2544 1197 2630 licet
1235 2542 1555 2659 insequentibus
1582 2541 1629 2628 in
1658 2537 1815 2656 scapha
1842 2545 1900 2652 ja·

205 2692 489 2799 culatoribus,
520 2698 593 2782 sed
622 2695 842 2782 celerrime
871 2718 1032 2782 natant.
1102 2698 1148 2784 si
1174 2720 1319 2785 tamen
1347 2695 1532 2782 semele
1561 2693 1669 2780 mari
1683 2713 1743 2779 'se
1769 2713 1909 2777 sustu·v

204 2847 372 2954 lerunt,
402 2847 565 2965 optime
593 2871 638 2936 et
666 2849 751 2934 alte
780 2851 938 2936 volant.
995 2843 1209 2936 Victitant
1234 2846 1411 2938 conchis
1444 2845 1691 2965 praesertim
1713 2843 1899 2934 marinis.

343 3004 514 3089 Descr.
584 2999 898 3092 Camtschatica
937 3012 1044 3092 mole
1084 3029 1254 3123 superat
1293 3009 1503 3090 Anserem
1553 3000 1897 3118 erythropodem.

203 3159 397 3245 Rostrum
422 3185 588 3274 cygneo
616 3155 782 3261 simile,
812 3187 951 3274 ungue
979 3157 1092 3245 intus
1121 3159 1347 3247 evidenter
1372 3157 1546 3264 striato,
1573 3179 1622 3242 ut
1648 3155 1694 3242 in
1722 3159 1898 3244 Ansere.

208 3310 346 3398 Tuber
372 3340 495 3428 supra
521 3309 643 3396 basin
670 3308 795 3397 rostri
828 3343 1141 3430 compressum,
1182 3313 1537 3429 cartilaginem,
1578 3339 1676 3397 cum
1713 3327 1806 3402 toto
1834 3335 1904 3392 ro-

202 3486 292 3552 stro
320 3463 592 3569 coccineum,
621 3495 743 3582 supra
771 3463 957 3580 divisum
987 3476 1114 3554 cristo
1138 3469 1360 3583 plumacea
1398 3465 1541 3582 nigra,
1584 3465 1774 3550 afronte
1807 3489 1904 3578 pro·
1977 3549 2006 3572 ,,

207 3640 415 3704 currente.
471 3619 666 3706 Fasciola
693 3617 813 3734 nigra
838 3619 960 3706 basin
988 3618 1191 3706 maxillae
1219 3619 1447 3740 superioris
1477 3617 1627 3732 cingit.
1673 3618 1803 3702 Frons
1831 3643 1901 3700 ca-

204 3803 262 3858 ua
290 3769 479 3887 itemque
506 3771 1062 3873 remeassem-lituratum
1092 3805 1234 3888 gerrae
1274 3775 1351 3860 sub
1392 3771 1529 3860 oculis
1565 3773 1652 3858 late
1688 3763 1905 3881 aerugino-

206 3953 303 4026 tae;
334 3947 376 4012 at
398 3933 504 4040 gula
532 3927 677 4010 subtus
705 3924 1071 4042 longitudinaliter
1098 3926 1270 4028 albida,
1288 3931 1472 4040 fasciola
1499 3921 1685 4025 bicnrri,
1714 3918 1904 4034 linguam

209 4077 299 4164 avis
326 4081 460 4165 lorma
487 4080 721 4183 referente,
751 4101 850 4166 atra.
892 4081 1057 4166 Collum
1084 4083 1227 4167 subtus
1250 4087 1523 4200 jugulumque
1551 4079 1793 4170 flavescunt,
1820 4099 1904 4157 cer-

207 4241 283 4320 ain
309 4233 427 4320 fusco
456 4235 637 4348 alboque
665 4231 796 4320 varia.
864 4231 1050 4348 Reliqua
1077 4244 1222 4350 nigro,
1264 4254 1430 4349 praeter
1458 4231 1666 4318 maculam
1703 4224 1903 4341 utrinque

208 4383 257 4472 iu
284 4384 519 4504 uropygio,
549 4417 689 4474 aream
717 4384 1006 4492 humeralem,
1049 4383 1246 4473 humeros
1274 4388 1445 4491 subtus,
1494 4407 1539 4472 et
1563 4381 1717 4501 pinnas
1742 4379 1903 4467 subola·

209 4565 276 4624 res
303 4537 435 4626 albos.
496 4541 604 4628 Aloe
631 4571 709 4660 pro
737 4540 849 4628 mole
878 4537 1065 4658 corporis
1090 4539 1375 4628 minusculae:
1412 4547 1586 4656 remiges
1615 4533 1905 4630 streames

210 4691 407 4778 deorsum
439 4693 629 4782 falcatae.
686 4696 835 4782 Contio
868 4715 1012 4797 acuta;
1039 4703 1226 4782 rectrices
1261 4713 1321 4800 14.
1351 4715 1513 4796 acutae,
1543 4689 1665 4810 apice
1679 4697 1903 4776 canescen-

209 4863 289 4930 tes.
342 4846 472 4934 Pedes
499 4845 633 4953 lutei,
663 4846 917 4936 membranis
943 4845 1095 4950 fuscis3
1138 4857 1319 4962 porticus
1366 4843 1522 4964 digitus
1550 4843 1798 4930 membrana
1818 4839 1906 4924 ala·

209 5013 306 5106 trrs,
335 5019 383 5086 ut
409 4997 456 5089 in
483 4999 689 5120 Fuligula.
759 5005 956 5093 Mensura
984 4999 1073 5090 sris
1100 4999 1272 5087 circiter
1305 5001 1347 5084 ι’.
1379 4999 1436 5108 9''·
1468 5031 1505 5084 o.
1574 4995 1712 5086 Ulnao
1741 4992 1902 5084 elerum
