4696 6054
507 475 599 578 arb

614 679 867 802 calmuccis'
887 693 1080 796 Surlrurb.

645 873 694 952 In
724 863 873 950 Rossia
902 857 1187 979 frequentius,
1217 856 1262 942 in
1292 854 1447 943 sibiria
1478 857 1609 943 rarius
1635 855 1833 962 occurrit,
1862 857 1909 945 in
1937 887 2084 974 genere
2111 861 2174 950 mi·

506 1051 583 1108 nus
611 1019 806 1136 copiosus
833 1019 1144 1136 praecedente,
1172 1033 1216 1095 et
1242 1009 1400 1095 tardius
1430 1011 1678 1115 adventans,
1708 1013 1820 1098 unde
1849 1011 2018 1098 videtur
2043 1039 2176 1102 austra·

446 1149 450 1158 ’
496 1168 631 1260 lior'es
660 1170 855 1286 regiones
888 1171 1120 1288 praeferre,
1150 1191 1289 1280 neque
1318 1164 1491 1250 boream
1525 1187 1683 1282 petere.
1752 1163 1903 1251 Saltim
1941 1165 1987 1252 in
2029 1167 2178 1255 areticio

499 1323 690 1410 'Sibiriae
717 1321 855 1443 plagis
882 1299 1112 1440 ignoratur.
1180 1319 1407 1407 Caeterum
1447 1347 1585 1404 mores
1624 1338 1670 1405 et
1709 1316 1823 1404 vitae
1863 1347 1994 1436 genus
2022 1319 2179 1408 omnino

501 1477 659 1604 Oloris.

639 1631 753 1718 Not.
809 1628 969 1716 Mirum
995 1603 1042 1714 in
1063 1649 1158 1714 tom
1186 1626 1300 1714 t'ritis
1321 1607 1563 1716 hodienum
1590 1623 1781 1712 laborare
1795 1623 2041 1742 Zoologiam
2069 1630 2184 1714 etde
2312 1695 2313 1712 .

495 1777 640 1902 'Cygni
668 1783 810 1903 specie
840 1781 1004 1899 duplici
1031 1759 1237 1897 europaeo
1266 1779 1340 1866 diu
1366 1778 1601 1868 dubitatum
1618 1776 1756 1864 luisse.
1813 1782 1989 1892 Cygnus
2006 1811 2186 1908 ‘mansue

495 1949 566 2024 'lus
595 1937 734 2022 dictus
762 1965 834 2020 seu
864 1937 1031 2038 sibilus,
1077 1943 1163 2019 non
1203 1931 1340 2019 minus
1361 1953 1621 2048 spontaneus
1658 1928 1790 2034 vivit,
1838 1959 1917 2018 uec
1946 1931 2185 2050 quisquam,

497 2087 577 2204 'qui
603 2089 674 2174 vel
692 2087 865 2174 eminus
892 2108 1107 2173 natantem
1133 2086 1258 2172 illum
1286 2115 1383 2171 curn
1412 2085 1536 2170 Olore
1579 2084 1907 2201 comparaverit,
1948 2083 2075 2170 illum
2116 2113 2185 2201 pro

497 2239 709 2326 'varietate
738 2237 928 2326 habebit.
989 2241 1137 2326 Olores
1166 2236 1371 2324 maximos
1400 2258 1578 2353 aequat3
1623 2259 1740 2322 natat
1767 2235 2057 2353 pulcherrime
2086 2241 2188 2324 flexo

493 2390 569 2500 ¹(in
592 2389 846 2508 sigmoidem
875 2393 1068 2503 formam)
1097 2392 1230 2496 eollo,
1260 2411 1435 2476 nutante
1462 2387 1601 2505 capito
1633 2388 1753 2504 quasi
1767 2393 2014 2506 superbiens
2028 2431 2040 2496 3
2070 2423 2190 2508 quum

491 2567 648 2630 eontra
676 2545 781 2632 Olor
807 2545 920 2631 collo
948 2569 1090 2650 recto,
1121 2567 1247 2661 caput
1276 2545 1329 2629 ad
1345 2543 1557 2658 'angulum
1584 2562 1745 2628 rectum
1774 2539 2044 2632 horizontale
2080 2547 2191 2632 susti·

491 2713 615 2786 neat.
670 2703 845 2812 Cygnus
873 2697 1042 2784 sibilum
1072 2727 1150 2815 pro
1177 2727 1276 2784 uoce
1304 2694 1406 2781 edit.
1480 2697 1666 2781 Troclea
1704 2695 1884 2782 illinon
1915 2702 2027 2786 adeo
2068 2703 2192 2786 aufra-

489 2867 671 2958 braosa,
700 2873 746 2937 ut
778 2849 916 2938 Olori.
970 2851 1142 2967 Cygnus
1169 2879 1335 2965 semper
1360 2847 1707 2954 candidissimus,
1745 2849 1836 2936 solo
1873 2849 2042 2938 vertice
2071 2853 2193 2970 palle-

502 3023 673 3107 scente,
703 3032 893 3120 canoque
913 3005 1242 3120 subargentato,
1269 3002 1410 3122 capite
1438 3003 1566 3119 paulo
1594 2999 1801 3087 breviore.
1864 3003 2045 3090 Plumae
2075 3003 2194 3090 verti·

501 3151 563 3238 cis
590 3151 661 3238 illi
687 3153 1011 3270 rigidiusculae,
1041 3158 1287 3272 elongatae,
1326 3153 1526 3240 extremis
1557 3152 1676 3269 quati
1704 3153 1876 3259 setosis,
1925 3155 2194 3260 rudiusculis,

500 3305 675 3406 nitidis3
705 3328 748 3394 at
773 3305 820 3392 in
849 3309 974 3396 Olore
1001 3309 1151 3394 molles
1192 3310 1424 3424 brevesque
1467 3305 1695 3424 plumulae.
1766 3306 2012 3396 Maximum
2056 3309 2197 3398 discri-

502 3487 601 3544 men
627 3455 675 3542 in
703 3461 1037 3547 conformatione
1065 3483 1110 3544 et
1136 3461 1276 3546 colore
1304 3467 1450 3545 rostri:
1492 3457 1538 3542 in
1566 3459 1691 3544 Olore
1728 3481 1904 3546 rostrum
1934 3462 2195 3581 depressum,

486 3627 692 3699 'extremo
709 3611 872 3713 latius,
896 3641 1035 3730 ungue
1061 3611 1239 3717 latiore,
1281 3613 1373 3697 acie
1402 3610 1643 3715 crenulato,
1684 3613 1808 3699 dorso
1835 3613 1947 3700 inter
1976 3647 2108 3702 nares
2135 3645 2197 3700 an·

504 3789 625 3881 gusto
652 3773 752 3881 jugo
781 3768 1079 3884 subaugulato,
1122 3765 1214 3852 basi
1253 3767 1391 3870 nuda,
1432 3762 1680 3868 flavissima,
1724 3766 1779 3850 ad
1815 3767 2004 3854 frontem
2047 3771 2194 3888 plana,

485 3920 810 4034 ·tuBerculo'que
838 3899 1035 4036 utrinque
1064 3919 1361 4036 subaugulata3
1403 3907 1492 4004 lor'o
1534 3917 1671 4020 nudo,
1713 3947 1854 4034 usque·
1887 3920 1940 4005 ad
1971 3923 2197 4039 palpebras

502 4073 630 4156 flavas
643 4132 658 4171 ,
685 4073 950 4159 flavescente.
1006 4079 1053 4159 ln
1085 4077 1233 4188 Cygno
1260 4095 1406 4158 contra
1432 4092 1609 4158 rostrum
1636 4072 1763 4189 paulo
1792 4061 1938 4178 latius,
1971 4075 2197 4162 coccineo

485 4223 667 4308 'rubrum
681 4283 696 4322 ,
723 4253 860 4338 ungue
888 4247 933 4310 et
959 4227 1199 4312 membrana
1230 4255 1349 4310 nares
1376 4223 1634 4342 perficiente,
1665 4219 1936 4312 mandibulae
1967 4227 2084 4314 item
2112 4221 2196 4313 basi

503 4397 547 4460 et
574 4377 816 4464 membrana
844 4377 956 4464 inter
982 4411 1118 4466 ramos
1146 4379 1304 4496 nigris3
1332 4379 1449 4464 tuber
1476 4409 1698 4494 magnum,
1728 4408 1977 4486 carnosum,
2010 4402 2196 4481 ovatum,

481 4527 689 4642 ‘'nigrum,
727 4529 851 4616 rostri
881 4531 982 4617 *basi
1011 4567 1034 4618 a
1063 4535 1200 4662 [fonte
1227 4529 1438 4616 imminet.
1508 4536 1640 4638 cera,
1683 4534 1754 4617 vel
1786 4563 1884 4618 area
1920 4537 2045 4620 nuda
2089 4532 2196 4618 inter

502 4679 646 4764 oculos
674 4705 720 4767 et
745 4707 945 4788 rostrum,
979 4715 1154 4802 magna,
1192 4683 1485 4798 triangularis,
1526 4717 1622 4773 eum
1649 4687 1865 4804 palpebris
1894 4685 2039 4802 nigra.
2111 4689 2194 4772 Mt·

493 4829 604 4918 xilla
632 4835 822 4951 superior
847 4837 893 4924 in
921 4841 1051 4924 Olore
1079 4833 1302 4940 mobilior,
1331 4857 1503 4952 totaque
1531 4840 1652 4926 rostri
1681 4839 1792 4928 basis
1820 4837 2042 4926 debilium
2084 4867 2196 4926 nores

498 4981 620 5100 apice
646 4987 877 5104 propiores.
935 4993 1149 5079 Mensurae
1165 4987 1319 5098 rostri,
1348 4989 1437 5076 imo
1464 4987 1629 5108 eapitis,
1658 5015 1822 5082 tautum
1835 4993 1967 5080 inter
1997 5023 2049 5083 se
2078 4991 2194 5080 diffe-
