4558 6054
488 429 634 560 '246
795 477 801 484 ·
1312 465 1459 522 ==

534 672 823 789 continuoque
859 671 1008 761 hiante
1041 693 1178 760 rostro
1214 669 1403 760 strideat.
1470 659 1656 758 Nonnisi
1693 661 1925 784 aegerrime
1951 689 1992 756 et
2018 669 2182 778 elumbis,

538 855 615 943 per
642 825 890 914 brevissima
917 826 1154 913 intervalla,
1168 821 1356 928 incedit,
1410 844 1668 936 angustoque
1696 820 1793 910 loco
1821 822 2035 909 subvolare
2060 825 2183 911 nescit.

536 977 583 1061 ln
611 977 708 1064 lacu
734 979 882 1065 liberis
907 1011 993 1066 soor
1020 978 1252 1084 crocitsns,
1305 973 1508 1062 suffocata
1533 973 1701 1088 utrique
1730 973 1863 1061 sexui.
1934 981 2045 1062 Inter
2068 977 2185 1061 volan·

434 1187 438 1195 -
535 1129 638 1214 dum
678 1129 797 1245 gravi
834 1161 931 1219 cum
970 1129 1098 1218 sibilo
1142 1112 1227 1216 alas
1255 1126 1418 1232 vibrat,
1465 1146 1512 1210 ut
1537 1153 1563 1212 e
1590 1124 1824 1243 longinquo
1852 1126 2041 1214 exaudiri
2064 1125 2185 1243 possit.

537 1280 695 1373 Carnes
722 1282 1008 1398 pisculentae,
1060 1281 1373 1370 rancidissimae
1402 1299 1446 1363 et
1471 1276 1518 1362 in
1546 1305 1699 1392 genere
1726 1307 1871 1366 vorax.
1885 1303 1930 1364 et
1954 1278 2080 1394 turpis
2104 1277 2187 1384 avis,

534 1432 695 1518 saniem
725 1433 929 1522 continuo
958 1463 1038 1522 ano
1066 1464 1298 1522 excernens
1326 1429 1706 1518 excrementitiam.
1770 1437 1820 1516 In
1849 1431 1956 1516 mari
1983 1427 2187 1519 Ochotensi

517 1607 579 1698 'et
617 1583 728 1671 circa
768 1584 1107 1675 Camtschatcam
1145 1585 1487 1704 copiosissimae,
1544 1587 1646 1672 dum
1685 1581 1734 1668 in
1775 1583 2011 1700 expositam
2038 1584 2187 1667 larctam

532 1761 654 1824 avem
682 1733 913 1824 libidinoso
939 1737 1104 1856 impetu
1130 1762 1273 1844 ruunt,
1305 1736 1402 1824 telis
1433 1736 1578 1844 facile,
1608 1735 1740 1823 etiam
1767 1735 1933 1828 eminus
1957 1733 2187 1835 occiduntur,

531 1891 604 1976 vel
631 1921 760 2006 quum
786 1917 946 2005 pennas
975 1895 1244 2007 abjecerunt,
1285 1891 1331 1977 in
1359 1913 1553 2005 angustos
1580 1887 1720 1995 sinus,
1749 1891 1857 1976 vada
1885 1910 1931 1972 et
1958 1887 2061 1974 ostis
2086 1889 2189 1971 fluen-

508 2063 622 2135 atum
649 2038 818 2159 scaphis
845 2045 1087 2160 compulsae
1116 2049 1338 2132 recedente
1369 2065 1485 2130 aestu
1512 2041 1745 2130 caeduntur
1771 2041 1934 2128 baculis
1964 2065 2009 2128 et
2024 2035 2187 2124 manibus

529 2192 763 2311 capiuntur.
819 2196 943 2281 Adeo
971 2227 1098 2284 coeca
1124 2197 1308 2285 libidine
1337 2195 1560 2312 agitantur,
1587 2217 1634 2279 ut
1662 2192 1697 2278 si
1717 2195 1828 2280 inter
1845 2198 2011 2282 turbam
2038 2189 2189 2276 marium

528 2345 748 2433 femellam
777 2351 886 2436 forte
914 2372 1131 2436 natantem
1161 2347 1357 2453 occidas,
1388 2376 1536 2434 omnes
1565 2377 1726 2453 mares,
1758 2379 1886 2434 unum
1913 2369 2012 2464 post
2038 2345 2189 2430 alterum

528 2499 693 2587 occisae
721 2502 932 2588 foeminae
960 2501 1327 2618 supervenientem
1355 2500 1550 2586 occidere
1579 2500 1724 2617 possis.
1801 2506 1908 2585 Sunt
1936 2521 2072 2586 autem
2097 2495 2188 2580 viva·

526 2649 688 2739 cissimi
700 2713 715 2754 ,
763 2677 809 2740 et
835 2652 910 2738 vix
939 2653 1124 2740 discusso
1153 2654 1296 2739 cranio
1323 2650 1464 2739 occidi
1496 2673 1682 2770 possunt.
1753 2655 1929 2768 lanugo
1961 2651 2034 2738 sub
2059 2639 2189 2764 plumis

526 2804 800 2912 mollissima,
844 2827 892 2890 ut
919 2806 994 2892 vix
1022 2812 1076 2893 A.
1106 2802 1301 2894 Cutberti
1327 2807 1465 2894 cedat.
2068 2880 2071 2886 .

662 2960 840 3047 Descr.
898 2964 1035 3075 Major
1075 2985 1119 3048 et
1158 2956 1364 3072 grossior,
1409 2961 1483 3044 sed
1510 2957 1682 3046 brevior
1720 2956 1959 3046 Boschade.
2025 2959 2189 3042 Rostrum

523 3111 679 3216 breve,
708 3110 867 3217 latum,
894 3139 1033 3225 ungue
1060 3109 1286 3228 insigniter
1317 3140 1535 3216 convexo,
1567 3112 1659 3200 basi
1686 3143 1808 3228 supra
1835 3141 1960 3197 nares
1989 3106 2186 3195 lomicatas

522 3261 651 3380 plano
691 3294 928 3382 assurgens,
975 3261 1138 3380 angulis
1178 3261 1379 3378 plumosis
1405 3295 1429 3348 a
1457 3266 1594 3350 fronte
1630 3267 1684 3351 ad
1722 3295 1841 3350 nares
1868 3259 2168 3350 excurrentibus

525 3416 653 3510 Color
691 3416 816 3504 rostri
849 3415 996 3535 niger,
1038 3416 1114 3502 sed
1155 3446 1253 3502 oreo
1293 3415 1489 3533 utrinque
1528 3415 1636 3502 disci
1676 3415 2003 3530 longitudinalis
2030 3407 2186 3506 mollior·

524 3571 622 3654 cum
649 3597 791 3683 ungue
807 3575 953 3681 fidon,
982 3567 1218 3682 includens,
1234 3568 1420 3653 medium
1448 3570 1607 3656 discum
1660 3567 2028 3685 longitudinaliter
2054 3565 2187 3650 album
2247 3541 2250 3550 „

525 3727 703 3812 maxilla
731 3725 895 3832 inferior
923 3743 1115 3807 extremo
1141 3719 1281 3825 fulva,
1322 3720 1413 3811 basi
1441 3722 1595 3807 sensim
1623 3722 1849 3808 albescens.
1932 3722 2062 3808 {rides
2091 3709 2186 3797 cine·

522 3895 741 3960 noscente·
756 3875 890 3961 albaa.
960 3875 1186 3991 Palpebrae
1224 3873 1557 3987 nigro-ciliatae
1584 3875 1726 3977 albae,
1753 3875 1982 3990 lunulaque
2012 3873 2101 3956 alba
2125 3861 2185 3948 sub

524 4025 662 4131 oculo,
691 4047 917 4113 retrorsum
944 4029 1164 4143 producta.
1220 4028 1379 4142 Corpus
1404 4049 1540 4114 toturn
1569 4026 1836 4116 holosericeo
1850 4079 1866 4096 ·
1880 4051 2030 4132 atrum,
2064 4023 2185 4108 subtus

523 4176 778 4284 exsoletius,
822 4211 945 4297 supra
983 4181 1070 4264 alas
1111 4208 1209 4263 cum
1250 4176 1393 4292 aliquo
1420 4180 1558 4266 nitore
1586 4181 1716 4268 viridi
1742 4180 2032 4296 violaceoque.
2096 4174 2185 4260 Alae

521 4326 597 4414 vix
624 4328 833 4449 uropygio
860 4331 1091 4448 longiores:
1119 4339 1292 4443 remiges
1317 4331 1590 4420 secundariae
1627 4350 1821 4422 10-16.
1852 4335 1997 4440 albae,
2026 4323 2184 4416 exterio

517 4509 588 4566 res
615 4481 738 4599 apice
766 4482 922 4599 nigrae.
980 4486 1127 4572 cauda
1155 4481 1426 4590 brevissima,
1467 4485 1760 4602 triangularis,
1802 4485 1947 4602 nigra,
1973 4503 2182 4605 pennarum

527 4667 590 4720 ra.
661 4633 818 4722 Pedum
857 4633 1009 4753 digiti,
1063 4633 1279 4751 tibiaeque
1319 4637 1630 4726 saturatissirue·
1658 4639 1774 4726 rubri
1801 4639 1980 4746 coloris,
2036 4623 2182 4724 articuli

519 4785 703 4902 puniceo
741 4787 1051 4906 nigrescentes,
1101 4793 1374 4876 ⁴membranae
1402 4793 1555 4879 fuscae.
1597 4843 1656 4864 -·
1696 4797 1735 4879 F
1739 4803 1965 4882 oeminae
2001 4814 2043 4877 et
2070 4789 2181 4906 pullis

520 4939 645 5028 dorso
663 4961 763 5028 toto
791 4940 1026 5061 nigricant,
1056 4939 1131 5028 vix
1158 4941 1310 5031 areolis
1338 4944 1666 5056 latescentibus,
1701 4969 1798 5038 toto
1822 4974 1996 5068 corpore
2023 4975 2046 5032 a
2072 4931 2181 5056 nigri·
