4770 6042
1015 499 1201 589 Ε.
1873 507 1932 598 75

356 697 534 825 Rirgisis
566 701 772 826 ljilegrrs,
802 689 1122 820 (Rylscblsof
1140 709 1229 792 itin.
1257 706 1335 791 m.
1365 742 1406 826 p.
1436 713 1525 817 4ο.)

386 868 438 949 ln
478 855 660 962 arenosis
700 855 858 947 deserti
898 854 1098 972 Kirgisici
1136 857 1248 943 circa
1291 891 1435 948 arenas
1474 863 1650 952 Dsbidel
1663 917 1676 931 -
1690 887 1868 976 mamus,
1913 899 1939 956 a

248 1020 287 1104 R
292 1017 511 1132 ytscblro
511 1016 593 1128 fio
634 1008 758 1098 vivae
801 1012 985 1116 adlatae,
1030 1009 1210 1097 exuviae
1251 1007 1499 1112 rectricibus
1533 1021 1761 1116 carebant3
1800 1049 1939 1135 neque

248 1191 469 1292 praeterea
496 1197 521 1252 a
548 1163 748 1282 quopiam
776 1186 1012 1252 nostrorum
1040 1167 1258 1253 observata
1288 1165 1369 1254 fuit
1396 1169 1503 1256 haec
1532 1170 1621 1255 avis
1655 1168 1939 1259 curiosissime

249 1353 377 1442 quam
405 1315 698 1434 Kirgisotstari
724 1316 1026 1436 pulverisatam
1053 1341 1198 1405 contra
1235 1317 1443 1408 insaniam
1480 1326 1797 1411 commendant.
1862 1330 1940 1412 Ea·

247 1479 350 1564 dem
377 1469 553 1561 omnino
580 1469 747 1558 videtur
774 1499 871 1556 cum
899 1499 977 1556 ave
1007 1472 1262 1560 a'Sbaroio
1291 1473 1518 1592 descripta.

387 1627 560 1712 Descr.
624 1623 835 1709 Anomala
876 1622 923 1708 in
968 1653 1043 1750 suo
1085 1653 1238 1739 genere
1282 1625 1386 1715 avis.
1470 1629 1716 1744 Magnitudo
1769 1633 1942 1716 Chotoe.

248 1784 445 1868 Rostrum
468 1772 635 1862 tenuius
662 1801 790 1888 quam
816 1775 1097 1864 Tetraonibus
1125 1777 1232 1885 aliis,
1262 1781 1476 1897 superiore
1499 1783 1675 1871 maxilla
1701 1815 1788 1872 non
1815 1781 1943 1870 forui-

249 1955 347 2023 cata
385 1959 509 2049 supra
545 1923 807 2013 inferiorem.
877 1929 1006 2017 Pedes
1047 1929 1233 2018 maxime
1270 1932 1459 2041 insoliti,
1510 1934 1754 2052 tridactyli,
1795 1937 1943 2054 digitis

249 2079 512 2174 brevissimis
539 2075 727 2184 coalitis,
770 2081 862 2168 solo
890 2079 1012 2198 apice
1038 2105 1085 2168 et
1108 2083 1317 2201 unguibus
1345 2085 1582 2190 distinctis,
1624 2089 1851 2189 brevibus,
1879 2119 1944 2173 us-

249 2237 450 2358 quesere
479 2233 533 2322 ad
561 2261 720 2348 ungues
746 2232 965 2349 plumosis;
992 2236 1104 2320 unde
1131 2237 1277 2352 planta
1305 2237 1480 2345 triloba,
1509 2238 1742 2348 latiuscula,
1774 2241 1943 2329 corneis

249 2386 426 2510 papillis
466 2381 703 2472 imbricata.
773 2387 910 2502 Caput
946 2417 1044 2472 cum
1081 2388 1195 2474 collo
1238 2392 1292 2476 ad
1317 2392 1507 2506 jugulum
1527 2421 1671 2507 usque
1701 2417 1944 2500 canescunt,

248 2543 328 2630 red
351 2545 458 2656 gulo
496 2535 714 2647 fulvescit,
757 2540 1004 2654 mamrlaque
1032 2537 1080 2625 in
1106 2561 1285 2656 utroque
1327 2543 1431 2629 colli
1468 2545 1600 2630 latere
1635 2544 1801 2632 intense
1831 2546 1947 2632 fulva

249 2723 328 2782 seu
353 2691 495 2812 potius
524 2689 726 2780 aurantia.
783 2695 966 2779 Dorsum
990 2688 1103 2778 inter
1127 2694 1216 2778 ¹alas
1242 2715 1289 2780 et
1317 2699 1374 2784 ad*
1403 2699 1581 2784 caudam
1608 2728 1761 2813 usque,
1802 2695 1946 2807 (utin

251 2847 403 2959 Otide)
431 2873 581 2962 gryseo
594 2893 609 2910 ·
623 2841 828 2962 nigroque
854 2841 1086 2946 doliatum;
1134 2843 1316 2934 circulus
1343 2879 1510 2965 quoque
1538 2853 1727 2967 jugulum
1756 2850 1947 2936 ambiens

251 3032 280 3090 e
305 2998 479 3088 lineolis
507 2996 686 3099 crebris,
711 2997 973 3097 transversis,
1002 2995 1147 3116 nigris.
1203 3001 1350 3088 Pectus
1375 3001 1832 3090 cinereo-rubescente
1861 3001 1950 3119 pal·

252 3153 413 3252 lidum,
453 3149 558 3238 hinc
586 3150 736 3267 supina
764 3148 894 3236 facies
922 3179 1051 3266 usque
1080 3153 1133 3236 ad
1161 3161 1333 3239 arissam
1357 3176 1472 3260 atra,
1528 3156 1691 3274 pallide
1719 3156 1947 3260 maculosa,

252 3330 303 3396 ut
330 3328 376 3392 et
409 3299 750 3422 hypochondria.
818 3306 927 3392 Alos
953 3300 1139 3393 maxime
1169 3305 1410 3422 elongatae,
1468 3309 1750 3414 acuminatas,
1805 3309 1949 3395 subtus

255 3460 397 3565 albae,
452 3489 579 3575 supro
599 3433 697 3544 'basi
726 3456 862 3544 dilure
889 3455 1061 3542 cinereo
1088 3459 1376 3566 rubescentes,
1429 3461 1598 3578 punctis
1626 3462 1788 3580 magnis
1816 3455 1949 3574 nigris

257 3615 493 3730 adspersae.
548 3613 657 3700 Alae
684 3620 846 3730 spurios
873 3607 1013 3724 strigis
1040 3609 1170 3726 nigris
1199 3612 1441 3719 undulatae,
1472 3615 1592 3733 apice
1619 3613 1759 3703 lituris
1773 3610 1954 3729 magnis,

258 3763 395 3852 veluti
421 3761 628 3869 cruentis,
657 3763 785 3850 fuscis
812 3760 1069 3878 inquinatae.
1124 3767 1316 3880 Remiges
1342 3766 1568 3882 primariae
1586 3750 1780 3856 extimae
1794 3764 1955 3852 sensiin

256 3917 492 4034 longiores,
536 3913 721 4004 maxime
762 3913 1051 4020 acuminatam
1109 3947 1255 4005 omnes
1296 3922 1458 4024 fuscae,
1499 3943 1624 4006 extus
1664 3939 1950 4019 canescentes,

257 4067 450 4185 margine
479 4066 641 4156 extime
669 4097 810 4156 versus
838 4067 976 4176 basin,
1027 4069 1230 4158 interiore
1258 4102 1387 4187 usque
1415 4074 1470 4159 ad
1498 4045 1664 4191 apicem
1696 4076 1822 4170 albo‚·
1878 4069 1953 4158 vix

256 4221 306 4308 iu
335 4218 522 4308 extimis.
594 4224 798 4309 Tectrices
837 4219 1062 4338 primariae
1090 4245 1135 4309 et
1161 4233 1336 4338 remiges
1362 4227 1511 4313 breves
1545 4229 1811 4314 secundariae
1837 4243 1953 4310 totae

258 4407 288 4464 e
315 4373 556 4490 ferrugineo
584 4375 717 4481 albae,
747 4371 886 4460 tractu
912 4373 1136 4463 latiusculo
1162 4399 1271 4482 arro,
1301 4382 1531 4466 secundum
1558 4379 1740 4468 rhachin
1769 4372 1957 4463 exterius

256 4526 562 4643 longitudinali
592 4557 725 4645 usque
754 4528 810 4613 ad
838 4528 1019 4646 apicem.
1075 4530 1225 4618 cauda
1254 4528 1300 4618 in
1328 4531 1565 4648 specimine
1597 4535 1761 4638 deerat,
1803 4524 1958 4616 verosi·

258 4679 445 4766 millime
488 4679 747 4787 acuminata,
804 4703 852 4767 ut
879 4687 928 4769 T.
973 4679 1137 4770 Chatae
1164 4705 1210 4770 et
1241 4685 1465 4773 arenariae.
1528 4689 1789 4798 (Secundum
1817 4683 1959 4767 Shasn

257 4833 415 4938 wudu,
445 4833 609 4951 singula
642 4863 782 4953 pennu
810 4836 937 4921 albo·
954 4837 1185 4938 maculata;
1217 4838 1358 4924 media
1385 4837 1570 4956 longior,
1601 4836 1853 4923 acuminata.

394 4989 507 5078 Not.
554 4987 718 5078 Tamis
745 4990 929 5103 Buffonr'i
958 5001 1064 5106 (ons.
1093 4993 1147 5078 Il.
1177 5024 1221 5109 p.
1249 5010 1344 5109 479.
1403 4993 1621 5083 D'onbent.
1648 5000 1748 5112 pict.
1775 5023 1816 5078 n.
1849 4991 1963 5106 ¹7²·)

1494 5155 1516 5200 ⁸
