4734 6070
495 486 583 570 130
1263 489 1409 548 aa

489 685 628 776 lituris
657 689 783 776 fuscis
812 686 1193 793 damascensibus,
1224 675 1349 780 simul
1377 683 1497 774 miris
1525 715 1652 804 saepe
1680 683 2009 790 characteribus,
2038 683 2159 800 gothi·

384 889 388 906 ·
485 871 555 926 cas
601 840 670 926 vel
704 841 896 928 arabicas
931 841 1094 927 litteras
1134 838 1367 956 ciscrasque
1409 838 1687 925 referentibus
1727 834 1904 956 pictum.
1965 889 2014 906 -
2068 841 2163 926 Avis

486 1015 699 1080 caeterum
729 1025 814 1080 non
844 995 1072 1080 admodum
1100 991 1265 1081 timida.
1321 989 1519 1078 Vescitur
1544 987 1792 1107 praesertim
1815 987 2026 1078 testaceis.
2080 997 2164 1082 Vos

483 1143 678 1262 pipiens,
722 1147 810 1232 lere
840 1168 889 1231 ut
914 1145 960 1232 in
990 1143 1287 1260 Gallinsgine,
1315 1142 1475 1231 territis
1511 1141 1687 1230 unisona
1714 1139 1911 1228 Picomm
1942 1141 2037 1228 roci
2063 1143 2166 1230 simi·

483 1294 561 1401 lis,
612 1327 689 1415 per
727 1297 953 1385 intervalla
994 1295 1200 1415 repetita,
1254 1301 1326 1422 sed
1349 1295 1489 1410 ¹magis
1524 1323 1673 1381 sonora
1702 1314 1747 1379 et
1774 1314 1921 1399 acuta,
1978 1317 2027 1380 ut
2050 1297 2168 1414 longe

481 1449 675 1536 exaudiri
714 1473 856 1566 queat.
926 1452 1080 1538 Cursus
1118 1451 1381 1564 grallatorius
1418 1448 1550 1551 levis,
1594 1445 1805 1562 aequalis,
1849 1475 1988 1562 neque
2014 1444 2169 1536 incedit

481 1601 567 1688 nisi
594 1633 788 1707 currens,
843 1631 922 1719 per
947 1599 1174 1689 intervalla
1202 1602 1431 1690 subsistens
1459 1623 1503 1686 et
1527 1599 1692 1716 impetu
1722 1627 1891 1717 semper
1916 1597 2038 1715 quasi
2064 1601 2168 1688 festi·

480 1775 655 1854 nanter,
695 1756 942 1870 procedens.
999 1756 1134 1870 Capta
1160 1776 1244 1841 stat
1269 1753 1389 1872 quasi
1417 1751 1598 1854 stolida,
1637 1753 1869 1868 procedere
1896 1753 2068 1860 nescia,
2095 1753 2170 1840 nisi

478 1901 738 2021 impellatur.
797 1908 1085 1994 Pediculorum
1109 1931 1194 1994 tres
1222 1907 1387 2026 species
1415 1903 1636 1992 distinctas
1651 1903 1756 1992 alit.

617 2059 786 2147 Descr.
824 2063 1017 2147 Rostrum
1055 2061 1222 2176 longius
1261 2090 1390 2176 quam
1428 2055 1696 2163 Charadriis,
1753 2060 1879 2144 mbro
1894 2109 1910 2126 ·
1924 2060 2173 2170 curantium,

476 2229 669 2296 extremo
698 2241 983 2328 compressum
1010 2212 1225 2329 magisque
1253 2215 1478 2300 lutescens.
1534 2210 1597 2296 Os
1622 2208 1737 2296 intus
1769 2212 2084 2328 ulbet31iaguu
2103 2215 2176 2302 rix

476 2381 669 2477 quartam
698 2387 862 2479 partem
888 2364 1013 2452 metri
1042 2387 1219 2482 aequat,
1256 2367 1407 2482 plana,
1453 2385 1576 2449 acuta
1588 2424 1602 2467 ,
1644 2362 1821 2479 integra.
1878 2365 2177 2485 Palpebrurum

473 2513 684 2628 margines
712 2515 841 2622 nudi,
871 2516 1098 2620 miniacei3
1137 2519 1269 2605 Itides
1293 2505 1580 2618 ruberriniae;
1624 2514 2046 2632 periophthalmium
2075 2553 2177 2608 mar·

472 2662 573 2782 gine
600 2667 928 2755 fusco-luteum.
985 2673 1133 2786 Caput,
1164 2668 1323 2755 collum
1352 2670 1405 2754 ad
1432 2670 1624 2784 jugulum
1649 2697 1794 2784 usque,
1824 2679 2203 2793 interscapuliuna·

472 2825 634 2906 alarum
661 2819 783 2906 bases
815 2843 861 2906 et
888 2827 982 2908 alae
1008 2829 1191 2934 spuriae,
1244 2821 1436 2938 itemque
1463 2821 1661 2910 rectrices
1688 2845 1855 2941 praeter
1881 2825 2009 2912 basin
2040 2838 2181 2918 sterri-

471 2999 555 3055 mo.
629 2971 792 3088 Corpus
819 2980 1021 3090 reliquum
1047 2995 1093 3058 et
1121 2973 1211 3060 alae
1246 2975 1415 3074 subtus,
1468 2971 1657 3092 itemque
1696 2983 1870 3091 remiges
1903 2983 2181 3070 secundarios

477 3151 539 3206 ro.
566 3123 620 3207 ad
654 3135 716 3210 ru.
747 3123 911 3229 abasi,
948 3126 1092 3232 19.ad
1121 3140 1188 3212 23.
1216 3147 1361 3234 totae,
1389 3155 1488 3214 cum
1513 3125 1781 3234 rectricibus,
1825 3127 1946 3216 nivei
1976 3133 2180 3222 candoris

467 3293 594 3374 sunt3
638 3281 805 3362 intimae
831 3275 1039 3394 remigum
1065 3278 1225 3396 nigrae.
1295 3281 1425 3366 Pedes
1452 3279 1669 3366 obscurius
1695 3279 1833 3386 mbri,
1888 3285 2180 3394 crassiusculi,

467 3422 703 3540 tridactyli,
729 3427 874 3542 digitis
900 3428 1111 3536 brevibus,
1139 3431 1255 3549 plica
1283 3429 1506 3520 exterioris
1533 3429 1707 3548 insigni;
1736 3467 1892 3550 Ques
1921 3441 2180 3546 submutici,

464 3571 586 3661 fusci.
617 3627 667 3645 -
727 3581 845 3668 Cutis
870 3601 963 3666 toto
990 3609 1165 3700 corpore
1193 3583 1305 3670 inter
1330 3584 1494 3702 plumas
1522 3581 1765 3700 sanguinea.
1821 3591 1995 3680 Pondus
2025 3593 2181 3699 librae,

462 3755 561 3812 cum
595 3727 758 3846 aliquot
793 3730 943 3820 unciis.
1011 3737 1206 3824 Mensura
1242 3745 1296 3824 ad
1331 3733 1587 3854 uropygium
1627 3745 1712 3824 11‘'.
1741 3740 1813 3826 8'''.
1843 3741 1973 3828 rostri
2006 3750 2075 3832 2⁶.
2106 3747 2180 3856 9⁸2

462 3882 620 3966 caudae
650 3886 712 3988 4⁹.
742 3883 904 3970 alarum
941 3915 1219 4003 expansamm
1256 3893 1304 3976 a'.
1335 3891 1395 3978 5''.
1426 3889 1492 3975 ο”.
1521 3891 1648 3976 ulnae
1676 3891 1733 4000 9''.
1766 3895 1835 4002 9“'.
1864 3893 2085 3986 tibiarum
2117 3911 2179 3986 α’.

442 4028 588 4146 digiti
614 4033 750 4122 medii
784 4045 840 4124 r“.
870 4044 942 4124 6“‘.
998 4041 1257 4130 Ventriculus
1284 4071 1459 4128 carnoso
1476 4094 1490 4108 ·
1505 4042 1815 4160 panniculosos,
1845 4077 2003 4164 capax.
2066 4055 2175 4138 Inte·

455 4193 608 4270 atinum
636 4193 688 4274 δ’.
721 4183 805 4270 ro“.
835 4187 906 4273 o“‘.
935 4221 1058 4278 coeca
1084 4193 1430 4311 subbipollicaria
1457 4217 1503 4280 et
1530 4195 1772 4312 bipolliceri
1802 4230 1827 4285 a
1853 4199 2011 4290 cloaca
2043 4203 2179 4290 inter·

456 4335 595 4442 vallo,
637 4335 870 4424 fusiformia
880 4403 895 4444 ,
934 4347 1234 4432 mesenteriolo
1261 4346 1361 4432 laxo
1387 4377 1599 4464 suspensa.
1657 4351 1801 4463 Cystis
1827 4383 1984 4470 parra,
2028 4382 2178 4464 orata,

458 4517 546 4576 nou
574 4491 724 4606 hepati
749 4491 899 4584 bilobo
927 4498 1003 4582 sed
1040 4499 1237 4585 duodeno
1280 4521 1394 4587 arcte
1435 4501 1602 4588 adnata.
1672 4503 1812 4594 Testes
1849 4505 2065 4628 oblongi,
2109 4511 2183 4598 lla·

451 4663 686 4736 vescentes.
