4696 6054
509 437 598 525 23²
1272 435 1420 494 εει-ι

619 641 765 730 Rossis
793 645 847 730 ad
875 641 1017 732 Obum
1047 639 1310 744 Tscbalwoi,
1369 658 1417 722 ut
1445 655 1493 744 et⁸
1530 630 1713 722 Ostiacis
1741 663 1766 719 a
1792 659 1898 720 voce
1925 629 2005 720 hoc
2030 667 2162 728 nornen
2289 729 2290 746 ,

669 820 820 884 exacte
847 794 1142 912 exprimente,
1173 789 1304 878 etiarn
1331 791 1541 902 Morskaja
1558 838 1572 856 ·
1588 789 1783 894 Cesarea,
1814 787 1928 902 quod
1955 785 1999 874 in
2024 789 2165 906 paludi·
2289 751 2290 776 .

666 951 746 1037 bus
773 953 948 1038 Oceano
975 945 1128 1033 vicinis
1155 943 1404 1062 praesertim
1432 963 1632 1028 versatur.

552 1112 555 1120 ’
613 1099 854 1190 Calmuccis
882 1103 1074 1188 Sunksrtr.

440 1233 442 1239 ,
611 1254 846 1368 Sarnojedis
878 1256 1086 1368 Tschogu.

647 1413 698 1492 In
724 1406 912 1493 maxime
939 1405 1180 1493 borealibus
1209 1409 1262 1493 ad
1291 1408 1434 1494 Obum
1462 1403 1657 1509 fluvium,
1688 1431 1829 1490 versus
1857 1434 1972 1491 mare
2000 1405 2171 1521 glaciale,

501 1557 725 1677 quotannis
764 1559 936 1676 copiose
977 1558 1181 1646 nidificat.
1255 1565 1303 1644 In
1348 1557 1510 1672 reliqua
1550 1555 1705 1643 Sibiria
1733 1557 1866 1642 rarior
1890 1557 1976 1643 nisi
2000 1582 2171 1674 ternpore

499 1711 766 1828 migrationis
815 1711 1021 1815 vernalis,
1092 1741 1147 1796 ex
1196 1711 1373 1800 Oriente
1422 1712 1492 1796 vel
1542 1739 1693 1797 occasu
1743 1707 1936 1823 hyberno
1980 1713 2172 1798 advolans.

500 1863 808 1953 Astrachaniae
821 1927 835 1967 ,
879 1867 955 1951 sub
995 1865 1123 1950 finem
1152 1865 1370 1952 Februarii
1406 1887 1451 1951 et
1478 1861 1605 1950 initio
1634 1859 1806 1967 Martii,
1850 1893 1947 1948 cum
1973 1868 2072 1950 Ans.
2097 1895 2175 1976 cry·

501 2019 703 2134 tbropode
732 2016 904 2135 copiose
934 2019 1154 2120 adventat,
1186 2017 1273 2104 cito
1299 2022 1583 2116 transvolans;
1646 2019 1761 2120 Maio
1789 2044 1959 2120 mense,
1991 2047 2113 2132 quum
2136 2014 2175 2098 in

503 2168 793 2287 septentrione
822 2201 953 2286 aquae
980 2171 1223 2276 solvuntur,
1242 2171 1478 2257 ¹revertitur
1505 2195 1549 2256 et
1578 2198 1719 2254 versus
1750 2188 1895 2253 arcton
1923 2169 2028 2255 abit.
2084 2169 2175 2254 Cau·

500 2319 678 2422 tissima.
746 2325 877 2410 Volat
918 2323 1081 2440 magnis
1122 2325 1342 2440 gregibus,
1398 2355 1611 2440 nunquam
1637 2319 1825 2407 solitaria
1836 2383 1852 2422 ,
1904 2319 2111 2438 phalange
2135 2318 2176 2402 in

499 2504 680 2560 cuneum
706 2473 924 2578 instructa,
951 2477 1021 2562 vel
1050 2476 1225 2592 obliquo
1254 2477 1404 2564 ordine
1430 2502 1480 2563 ut
1505 2485 1608 2570 Ans.
1637 2472 1891 2590 erythropus
1919 2498 1967 2560 et
1996 2469 2177 2588 vulgaris.

499 2631 617 2712 luter
644 2629 874 2714 volandum
902 2628 1114 2743 garriunt,
1157 2654 1204 2714 ut
1231 2635 1286 2717 A.
1316 2635 1601 2746 Erythropus,
1654 2626 1730 2712 sed
1758 2626 1928 2744 propria
1957 2625 2061 2744 ipsis
2086 2649 2178 2710 voce

499 2781 805 2892 (Tachobtuoi),
835 2813 860 2864 a
887 2810 969 2896 qua
998 2781 1182 2868 Ostiacis
1212 2784 1489 2900 appellantur.
1547 2788 1588 2868 A
1617 2779 1761 2866 Russis
1787 2779 1938 2882 etiam,
1969 2799 2179 2896 propterea

501 2933 619 3046 quod
645 2953 811 3018 tantum
837 2933 883 3020 in
910 2934 1136 3051 paludibus
1163 2933 1270 3020 mari
1298 2933 1451 3021 vicinis
1476 2935 1711 3050 prolificat,
1763 2935 1976 3050 Morslsoja
2004 2931 2180 3016 Kasorltu

499 3081 725 3192 (Bernicla
763 3085 1007 3202 maritima)
1049 3087 1194 3174 vocari
1230 3089 1352 3175 solet.
1421 3085 1742 3204 Quamprimum
1770 3113 1844 3168 ver
1871 3083 2120 3184 incalescit,
2160 3107 2181 3164 e

498 3235 677 3350 regione
713 3236 881 3351 sylvosa
912 3239 982 3323 vel
1005 3242 1322 3357 temperatiore
1358 3239 1434 3326 ubi
1470 3240 1677 3355 tantisper
1705 3235 1915 3352 refugium
1942 3235 2181 3352 quaesitam,

500 3390 553 3473 ad
583 3389 805 3505 paludosas
831 3390 1033 3507 planities
1062 3393 1243 3480 arcticae
1271 3395 1421 3509 plagae
1451 3395 1617 3496 abeunt,
1648 3391 1721 3476 ubi
1750 3391 2033 3507 perbrevem
2067 3409 2183 3472 aesta·

497 3563 587 3627 tem
615 3539 728 3657 proli
755 3543 858 3627 dant
884 3563 1083 3660 operam,
1134 3548 1298 3663 plumas
1327 3543 1544 3650 reficiunt,
1593 3547 1705 3629 unde
1734 3545 1810 3628 sub
1839 3545 1968 3628 finem
2001 3535 2179 3656 Augusti,

498 3693 639 3810 primo
680 3692 803 3807 gelu,
858 3699 998 3782 denuo
1039 3695 1086 3782 in
1115 3699 1337 3814 sylvestria
1366 3699 1504 3784 redire
1533 3720 1761 3814 coguntur,
1820 3725 1903 3782 non
1935 3695 2049 3778 ultra
2079 3705 2182 3782 58:¹¹3
2289 3687 2290 3700 Ν

495 3845 736 3932 latitudinis
777 3850 981 3962 gradum,
1009 3853 1295 3966 tandemque,
1323 3850 1494 3936 nemine
1520 3853 1795 3956 observante,
1825 3847 1986 3966 quippe
2003 3843 2182 3930 diluculo

497 3997 744 4116 praesertim
773 4022 817 4084 et
843 4024 971 4087 noctu
1000 4001 1240 4117 migrantes,
1272 4002 1518 4089 valedicunt
1546 4026 1643 4090 ante
1670 4006 1957 4090 confirmatam
1972 3995 2182 4114 hyemem.

498 4156 681 4236 Turmae
721 4153 931 4238 Anserum
974 4155 1229 4243 ruficollium
1282 4186 1494 4271 nunquam
1523 4157 1606 4242 nisi
1636 4155 1789 4274 apricis
1818 4151 1923 4239 locis
1952 4149 2182 4248 consident,

499 4305 656 4394 mirum
682 4302 728 4390 in
754 4307 926 4390 modum
954 4309 1208 4410 concordes,
1251 4331 1298 4392 ut
1326 4341 1409 4394 una
1436 4310 1837 4427 circumspectante,
1866 4333 2016 4392 omnes
2053 4299 2183 4418 capita

500 4457 605 4544 illuc
633 4477 826 4560 vertant,
868 4462 981 4544 unde
1008 4459 1116 4544 ictui
1144 4459 1356 4546 difficiles.
1413 4465 1591 4549 Ratibus
1618 4463 1676 4550 in.
1694 4477 1791 4548 aere
1819 4455 2060 4575 suspensis,
2090 4477 2181 4568 quas

499 4611 546 4696 in
574 4607 793 4695 itinerario
821 4609 1024 4728 descripsi
1052 4615 1311 4729 crepusculo,
1342 4637 1389 4700 ut
1417 4614 1526 4701 aliae
1553 4626 1733 4702 Anseres
1772 4613 1996 4730 capiuntur
2026 4631 2070 4691 et
2096 4631 2182 4722 pro·

499 4783 596 4878 pter
624 4761 955 4877 pulcritudinem
981 4763 1027 4849 in
1054 4767 1214 4880 oppida
1241 4765 1464 4853 mittuntur
1477 4793 1653 4884 suntque
1671 4769 1800 4854 etiarn
1828 4765 1875 4852 in
1902 4761 2004 4848 cibo
2034 4779 2181 4880 gratae.
2289 4779 2290 4784 ‘

500 4921 660 5030 Captae
687 4912 797 5000 intra
825 4947 980 5034 paucos
1011 4915 1103 5002 dies
1131 4917 1277 5035 privae
1307 4921 1412 5028 fiunt
1439 4942 1484 5008 et
1510 4949 1642 5026 avena
1669 4917 1913 5008 humectata
1930 4912 2178 5006 nutriuntur»
2289 4971 2290 4976 Ν
