4734 6070
991 479 1157 538 ἘΞ
1861 477 1921 566 93

348 679 673 778 Techeremissis
700 683 1122 774 Nassum-Aaou
1149 678 1366 800 (exoticus
1394 679 1583 798 Gallus)‚
1624 703 1670 772 et
1692 681 1936 778 Nemeaeo·

401 843 506 928 Zibe
532 839 755 953 pGallina).

347 992 594 1083 Morduanis
622 993 951 1080 Arae-Korkae.

346 1147 546 1234 Armeuis
573 1149 794 1260 Marrigas.

375 1304 416 1386 A
445 1299 589 1388 Rossis
616 1298 794 1414 aliisque
824 1295 1039 1415 agricolis,
1093 1294 1340 1418 praesertim
1367 1295 1415 1386 in
1442 1297 1685 1416 regionibus
1712 1295 1927 1386 calidiori·

233 1447 314 1539 bns
344 1473 389 1540 et
413 1452 679 1571 temperatis,
717 1450 893 1567 copiose
922 1453 1124 1539 educatur
1151 1477 1195 1539 et
1225 1453 1380 1569 exigua
1406 1484 1506 1539 cura
1532 1451 1710 1539 fovetur.
1775 1458 1826 1536 In
1853 1455 1927 1540 bo·

236 1603 421 1692 tealibus
448 1629 591 1692 tamen
619 1624 665 1691 et
691 1601 890 1692 orientali
917 1604 1092 1713 Sibiria,
1121 1627 1294 1726 propter
1320 1608 1510 1709 brevem,
1534 1605 1735 1722 frigidam
1762 1627 1807 1692 et
1833 1607 1926 1724 plu·

228 1754 398 1846 simam
426 1781 647 1865 aestatem,
677 1757 794 1844 haud
820 1778 1079 1874 prosperant.

374 1913 608 2004 Varietates
631 1929 924 2029 praeterquam
951 1909 1161 2000 coloribus
1189 1909 1346 2016 solitis,
1391 1943 1416 1998 a
1445 1909 1568 2026 nigro
1591 1909 1640 1996 in
1667 1935 1842 2010 cauum,
1870 1905 1927 1996 al·

233 2061 351 2174 bum,
381 2089 427 2154 et
452 2067 733 2154 latescentem
759 2064 1122 2179 degenerantibus,
1152 2065 1295 2152 nullae
1323 2068 1610 2152 observantur.
1667 2059 1924 2148 Rarissimae

225 2237 279 2302 et
305 2221 418 2336 apud
448 2249 523 2310 nos
551 2217 732 2304 varietas
760 2216 1032 2334 intemperati
1057 2215 1274 2322 candoris,
1324 2216 1416 2304 eine
1444 2217 1531 2303 ulla
1561 2217 1741 2302 macule.
1767 2261 1824 2284 -
1875 2218 1927 2302 In

231 2371 391 2458 Tauria
416 2373 530 2484 visus
556 2395 621 2460 est
648 2374 880 2486 Gallopovo
906 2368 1019 2456 solus
1044 2366 1091 2454 in
1118 2367 1243 2454 horto
1271 2400 1369 2455 cum
1400 2335 1565 2454 Paeone
1593 2367 1752 2455 femina
1779 2367 1927 2452 deten-
1965 2393 1970 2402 ’

225 2543 319 2632 tm,
349 2523 463 2618 hano
490 2555 575 2612 non
601 2522 786 2610 invitans
813 2520 952 2629 imita,
982 2543 1027 2607 et
1053 2521 1267 2638 zelotypia
1294 2519 1497 2638 singulari
1523 2543 1790 2640 prosecutam
1815 2545 1922 2608 esso.

225 2677 322 2766 ocu
349 2709 436 2768 ova
457 2681 571 2770 latua
599 2681 736 2766 lueres

783 2898 1006 3082 xixus
1078 2973 1117 3079 P
1150 2973 1276 3080 av
1308 2975 1374 3082 0.

944 3179 1209 3202 m

687 3359 804 3472 234.
878 3343 1103 3445 PAVO
1173 3349 1468 3444 cristatus.

371 3561 418 3644 P.
446 3553 573 3646 crista
601 3581 761 3664 erecta,
812 3558 1044 3647 calcaribus
1071 3516 1269 3646 solitariis
1308 3563 1399 3646 Lin.
1427 3579 1533 3676 syst.
1561 3556 1660 3650 ΧΗ.
1686 3557 1722 3647 l.
1749 3589 1791 3678 p.
1828 3569 1917 3676 167.

228 3739 294 3830 sp·
329 3713 808 3826 2.Latham.sya.1V.
839 3744 880 3828 p.
910 3725 1006 3800 668.
1036 3745 1075 3798 n.
1111 3748 1146 3800 ι.

450 3869 588 3967 Pavo,
642 3867 798 3952 Frisclt.
835 3866 1385 3975 au.tob.118.119.rso.
1424 3862 1702 3981 (varietates).
1756 3867 1921 3980 Buffon.

455 4097 462 4104 .
510 4049 596 4105 om.
632 4020 690 4106 II.
726 4050 767 4135 p.
803 4032 896 4106 αδδ.
939 4017 1026 4107 tob.
1060 4005 1122 4106 sa.
1151 4028 1279 4108 mala.
1335 4021 1554 4112 D'oubeut·
1573 4029 1680 4138 pict,
1706 4021 1793 4112 tob.
1821 4031 1919 4130 433·
2084 4081 2091 4102 ·

508 4201 596 4256 mas
624 4183 720 4277 434.
750 4169 949 4262 foemina.

339 4320 515 4410 Rossice
542 4326 701 4412 Paulin
731 4331 877 4442 (mas),
905 4327 1116 4414 Pauttcta
1145 4321 1358 4442 (femina).
1432 4341 1437 4348 '

341 4475 506 4563 Tataris
533 4475 707 4564 tauricis
983 4477 1231 4566 Morduauis
1259 4479 1402 4570 Pasa.

339 4627 578 4718 Calmuccis
608 4632 778 4746 Toglras
804 4629 876 4718 vel
907 4631 1085 4748 Toghul.
1141 4631 1360 4748 Mongolis
1389 4633 1570 4750 Togtts.

340 4781 540 4868 Armenio
572 4783 698 4874 Tatio.
751 4784 956 4900 Tangutis
982 4789 1229 4876 lt’maasha.
1384 4835 1389 4846 ·

362 4934 511 5027 Tiberi
538 4960 585 5028 et
617 4939 764 5029 Indiae
799 4939 982 5031 borealis
1014 4938 1204 5040 nativus,
1251 4938 1407 5059 frigora
1432 4938 1567 5030 etiam
1588 4928 1778 5030 borealia
1805 4938 1919 5058 apud
