<?xml version="1.0" encoding="UTF-8"?>
<!DOCTYPE html PUBLIC "-//W3C//DTD XHTML 1.0 Transitional//EN"
    "http://www.w3.org/TR/xhtml1/DTD/xhtml1-transitional.dtd">
<html xmlns="http://www.w3.org/1999/xhtml" xml:lang="en" lang="en">
 <head>
  <title>
</title>
<meta http-equiv="Content-Type" content="text/html;charset=utf-8" />
  <meta name='ocr-system' content='tesseract 3.04.00' />
  <meta name='ocr-capabilities' content='ocr_page ocr_carea ocr_par ocr_line ocrx_word'/>
</head>
<body>
  <div class='ocr_page' id='page_1' title='image "./zoographiarosso02pallgoog_0128.png"; bbox 0 0 4734 6070; ppageno 0'>
   <div class='ocr_carea' id='block_1_1' title="bbox 897 459 1903 596">
    <p class='ocr_par' dir='ltr' id='par_1_1' title="bbox 897 459 1903 596">
     <span class='ocr_line' id='line_1_1' title="bbox 897 459 1903 596; baseline 0 -32"><span class='ocrx_word' id='word_1_1' title='bbox 897 591 899 596; x_wconf 16' lang='grc' dir='ltr'>Ι</span> <span class='ocrx_word' id='word_1_2' title='bbox 980 462 1142 564; x_wconf 72' lang='grc' dir='ltr'><strong>ε.--.·’</strong></span> <span class='ocrx_word' id='word_1_3' title='bbox 1799 459 1903 580; x_wconf 66' lang='lat' dir='ltr'><strong>[toi</strong></span> 
     </span>
    </p>
   </div>
   <div class='ocr_carea' id='block_1_2' title="bbox 202 667 1905 2646">
    <p class='ocr_par' dir='ltr' id='par_1_2' title="bbox 202 667 1905 2646">
     <span class='ocr_line' id='line_1_2' title="bbox 352 667 1903 818; baseline 0.005 -34"><span class='ocrx_word' id='word_1_4' title='bbox 352 697 396 784; x_wconf 87' lang='lat' dir='ltr'><strong><em>N</em></strong></span> <span class='ocrx_word' id='word_1_5' title='bbox 402 720 464 786; x_wconf 88' lang='lat' dir='ltr'><strong>ot.</strong></span> <span class='ocrx_word' id='word_1_6' title='bbox 501 727 535 782; x_wconf 88' lang='lat'><strong>1.</strong></span> <span class='ocrx_word' id='word_1_7' title='bbox 564 699 844 804; x_wconf 72' lang='lat' dir='ltr'><strong>Buffonius</strong></span> <span class='ocrx_word' id='word_1_8' title='bbox 873 727 1018 784; x_wconf 86' lang='lat' dir='ltr'><strong>ornnes</strong></span> <span class='ocrx_word' id='word_1_9' title='bbox 1045 667 1367 815; x_wconf 83' lang='lat' dir='ltr'><strong>perstringendo</strong></span> <span class='ocrx_word' id='word_1_10' title='bbox 1394 701 1601 784; x_wconf 87' lang='lat' dir='ltr'><strong>Auctores</strong></span> <span class='ocrx_word' id='word_1_11' title='bbox 1628 705 1806 818; x_wconf 90' lang='lat' dir='ltr'><strong>probare</strong></span> <span class='ocrx_word' id='word_1_12' title='bbox 1835 737 1903 792; x_wconf 89' lang='lat' dir='ltr'><strong>cu·</strong></span> 
     </span>
     <span class='ocr_line' id='line_1_3' title="bbox 212 849 1905 974; baseline 0.005 -38"><span class='ocrx_word' id='word_1_13' title='bbox 212 851 303 971; x_wconf 89' lang='lat' dir='ltr'><strong>pit,</strong></span> <span class='ocrx_word' id='word_1_14' title='bbox 335 850 588 938; x_wconf 89' lang='lat' dir='ltr'><strong>rarissimam</strong></span> <span class='ocrx_word' id='word_1_15' title='bbox 618 849 727 937; x_wconf 82' lang='lat' dir='ltr'><strong>hanc</strong></span> <span class='ocrx_word' id='word_1_16' title='bbox 754 873 873 936; x_wconf 87' lang='lat' dir='ltr'><strong>extra</strong></span> <span class='ocrx_word' id='word_1_17' title='bbox 902 850 1059 935; x_wconf 90' lang='lat' dir='ltr'><strong>Gallias</strong></span> <span class='ocrx_word' id='word_1_18' title='bbox 1089 883 1180 937; x_wconf 89' lang='lat' dir='ltr'><strong>suas</strong></span> <span class='ocrx_word' id='word_1_19' title='bbox 1208 881 1298 938; x_wconf 88' lang='lat' dir='ltr'><strong>esse</strong></span> <span class='ocrx_word' id='word_1_20' title='bbox 1329 881 1463 938; x_wconf 78' lang='lat' dir='ltr'><strong>avem.</strong></span> <span class='ocrx_word' id='word_1_21' title='bbox 1535 857 1620 938; x_wconf 87' lang='lat' dir='ltr'><strong>Sed</strong></span> <span class='ocrx_word' id='word_1_22' title='bbox 1658 857 1704 938; x_wconf 88' lang='lat' dir='ltr'><strong>in</strong></span> <span class='ocrx_word' id='word_1_23' title='bbox 1745 879 1905 974; x_wconf 80' lang='lat' dir='ltr'><strong>tempe·</strong></span> 
     </span>
     <span class='ocr_line' id='line_1_4' title="bbox 213 1001 1905 1122; baseline 0.004 -30"><span class='ocrx_word' id='word_1_24' title='bbox 213 1005 440 1094; x_wconf 80' lang='lat' dir='ltr'><strong>tatioribus</strong></span> <span class='ocrx_word' id='word_1_25' title='bbox 469 1003 606 1090; x_wconf 89' lang='lat' dir='ltr'><strong>minus</strong></span> <span class='ocrx_word' id='word_1_26' title='bbox 636 1002 841 1088; x_wconf 85' lang='lat' dir='ltr'><strong>habitatis</strong></span> <span class='ocrx_word' id='word_1_27' title='bbox 869 1001 998 1089; x_wconf 88' lang='lat' dir='ltr'><strong>totius</strong></span> <span class='ocrx_word' id='word_1_28' title='bbox 1026 1007 1245 1120; x_wconf 81' lang='lat' dir='ltr'>Europae,</span> <span class='ocrx_word' id='word_1_29' title='bbox 1281 1003 1625 1122; x_wconf 83' lang='lat' dir='ltr'><strong>frequentiusque</strong></span> <span class='ocrx_word' id='word_1_30' title='bbox 1653 1005 1699 1092; x_wconf 91' lang='lat' dir='ltr'><strong>in</strong></span> <span class='ocrx_word' id='word_1_31' title='bbox 1728 1010 1905 1098; x_wconf 86' lang='lat' dir='ltr'><strong>Polonia</strong></span> 
     </span>
     <span class='ocr_line' id='line_1_5' title="bbox 211 1155 1904 1279; baseline 0.002 -33"><span class='ocrx_word' id='word_1_32' title='bbox 211 1179 260 1246; x_wconf 86' lang='lat' dir='ltr'><strong>et</strong></span> <span class='ocrx_word' id='word_1_33' title='bbox 287 1156 463 1262; x_wconf 86' lang='lat' dir='ltr'><strong>Rossia,</strong></span> <span class='ocrx_word' id='word_1_34' title='bbox 507 1157 698 1258; x_wconf 87' lang='lat' dir='ltr'><strong>habitat;</strong></span> <span class='ocrx_word' id='word_1_35' title='bbox 740 1155 922 1243; x_wconf 87' lang='lat' dir='ltr'><strong>Galliam</strong></span> <span class='ocrx_word' id='word_1_36' title='bbox 950 1185 1051 1241; x_wconf 83' lang='lat' dir='ltr'><strong>vero</strong></span> <span class='ocrx_word' id='word_1_37' title='bbox 1080 1155 1179 1242; x_wconf 92' lang='lat' dir='ltr'><strong>ideo</strong></span> <span class='ocrx_word' id='word_1_38' title='bbox 1209 1180 1346 1261; x_wconf 88' lang='lat' dir='ltr'><strong>amat,</strong></span> <span class='ocrx_word' id='word_1_39' title='bbox 1389 1159 1504 1272; x_wconf 91' lang='lat' dir='ltr'><strong>quod</strong></span> <span class='ocrx_word' id='word_1_40' title='bbox 1544 1189 1641 1244; x_wconf 90' lang='lat' dir='ltr'><strong>cum</strong></span> <span class='ocrx_word' id='word_1_41' title='bbox 1668 1182 1904 1279; x_wconf 89' lang='lat' dir='ltr'><strong>temperato</strong></span> 
     </span>
     <span class='ocr_line' id='line_1_6' title="bbox 208 1306 1902 1426; baseline 0.005 -30"><span class='ocrx_word' id='word_1_42' title='bbox 208 1307 321 1413; x_wconf 86' lang='lat' dir='ltr'><strong>situ,</strong></span> <span class='ocrx_word' id='word_1_43' title='bbox 352 1311 536 1394; x_wconf 86' lang='lat' dir='ltr'><strong>desertas</strong></span> <span class='ocrx_word' id='word_1_44' title='bbox 564 1310 717 1396; x_wconf 88' lang='lat' dir='ltr'><strong>multas</strong></span> <span class='ocrx_word' id='word_1_45' title='bbox 744 1306 875 1394; x_wconf 87' lang='lat' dir='ltr'><strong>habet</strong></span> <span class='ocrx_word' id='word_1_46' title='bbox 904 1307 1095 1422; x_wconf 84' lang='lat' dir='ltr'>regiones</span> <span class='ocrx_word' id='word_1_47' title='bbox 1125 1333 1169 1394; x_wconf 90' lang='lat' dir='ltr'><strong>et</strong></span> <span class='ocrx_word' id='word_1_48' title='bbox 1195 1312 1446 1426; x_wconf 78' lang='lat' dir='ltr'><strong>campestria</strong></span> <span class='ocrx_word' id='word_1_49' title='bbox 1476 1309 1650 1398; x_wconf 90' lang='lat' dir='ltr'><strong>inculta.</strong></span> <span class='ocrx_word' id='word_1_50' title='bbox 1689 1367 1739 1382; x_wconf 90' lang='lat'>-</span> <span class='ocrx_word' id='word_1_51' title='bbox 1787 1320 1902 1404; x_wconf 86' lang='lat' dir='ltr'><strong>Male</strong></span> 
     </span>
     <span class='ocr_line' id='line_1_7' title="bbox 208 1458 1904 1582; baseline 0.008 -37"><span class='ocrx_word' id='word_1_52' title='bbox 208 1458 318 1546; x_wconf 90' lang='lat' dir='ltr'><strong>item</strong></span> <span class='ocrx_word' id='word_1_53' title='bbox 346 1464 624 1572; x_wconf 82' lang='lat' dir='ltr'><strong>Buffonius</strong></span> <span class='ocrx_word' id='word_1_54' title='bbox 653 1462 841 1548; x_wconf 88' lang='lat' dir='ltr'><strong>colorem</strong></span> <span class='ocrx_word' id='word_1_55' title='bbox 870 1459 984 1545; x_wconf 91' lang='lat' dir='ltr'><strong>dorsi</strong></span> <span class='ocrx_word' id='word_1_56' title='bbox 1011 1459 1057 1544; x_wconf 94' lang='lat' dir='ltr'><strong>in</strong></span> <span class='ocrx_word' id='word_1_57' title='bbox 1084 1477 1200 1548; x_wconf 86' lang='lat' dir='ltr'><strong>mare</strong></span> <span class='ocrx_word' id='word_1_58' title='bbox 1230 1485 1274 1546; x_wconf 92' lang='lat' dir='ltr'><strong>et</strong></span> <span class='ocrx_word' id='word_1_59' title='bbox 1300 1463 1487 1548; x_wconf 83' lang='lat' dir='ltr'><strong>foemina</strong></span> <span class='ocrx_word' id='word_1_60' title='bbox 1526 1497 1612 1551; x_wconf 91' lang='lat' dir='ltr'><strong>non</strong></span> <span class='ocrx_word' id='word_1_61' title='bbox 1654 1466 1825 1554; x_wconf 85' lang='lat' dir='ltr'><strong>differre</strong></span> <span class='ocrx_word' id='word_1_62' title='bbox 1859 1493 1904 1582; x_wconf 75' lang='lat' dir='ltr'><strong>et</strong></span> 
     </span>
     <span class='ocr_line' id='line_1_8' title="bbox 207 1612 1903 1733; baseline 0.005 -32"><span class='ocrx_word' id='word_1_63' title='bbox 207 1643 289 1701; x_wconf 86' lang='lat' dir='ltr'><strong>ova</strong></span> <span class='ocrx_word' id='word_1_64' title='bbox 316 1615 463 1731; x_wconf 87' lang='lat' dir='ltr'><strong>pulcre</strong></span> <span class='ocrx_word' id='word_1_65' title='bbox 492 1613 647 1700; x_wconf 83' lang='lat' dir='ltr'><strong>viridia</strong></span> <span class='ocrx_word' id='word_1_66' title='bbox 674 1645 789 1720; x_wconf 90' lang='lat' dir='ltr'><strong>esse,</strong></span> <span class='ocrx_word' id='word_1_67' title='bbox 820 1613 986 1726; x_wconf 90' lang='lat' dir='ltr'><strong>aliaque</strong></span> <span class='ocrx_word' id='word_1_68' title='bbox 1014 1612 1151 1697; x_wconf 88' lang='lat' dir='ltr'><strong>minus</strong></span> <span class='ocrx_word' id='word_1_69' title='bbox 1181 1618 1412 1730; x_wconf 87' lang='lat' dir='ltr'><strong>adaequata</strong></span> <span class='ocrx_word' id='word_1_70' title='bbox 1439 1612 1585 1702; x_wconf 89' lang='lat' dir='ltr'><strong>habet.</strong></span> <span class='ocrx_word' id='word_1_71' title='bbox 1639 1623 1744 1733; x_wconf 66' lang='lat' dir='ltr'><strong>{Mos</strong></span> <span class='ocrx_word' id='word_1_72' title='bbox 1771 1618 1903 1711; x_wconf 84' lang='lat' dir='ltr'><strong>habet</strong></span> 
     </span>
     <span class='ocr_line' id='line_1_9' title="bbox 202 1765 1902 1884; baseline 0.003 -30"><span class='ocrx_word' id='word_1_73' title='bbox 202 1775 354 1883; x_wconf 84' lang='lat' dir='ltr'><strong>gulam</strong></span> <span class='ocrx_word' id='word_1_74' title='bbox 379 1767 936 1884; x_wconf 87' lang='lat' dir='ltr'><strong>plumbeo-canescentem,</strong></span> <span class='ocrx_word' id='word_1_75' title='bbox 967 1765 1151 1850; x_wconf 87' lang='lat' dir='ltr'><strong>cinctam</strong></span> <span class='ocrx_word' id='word_1_76' title='bbox 1178 1765 1292 1852; x_wconf 90' lang='lat' dir='ltr'><strong>linea</strong></span> <span class='ocrx_word' id='word_1_77' title='bbox 1323 1769 1438 1873; x_wconf 87' lang='lat' dir='ltr'><strong>alba,</strong></span> <span class='ocrx_word' id='word_1_78' title='bbox 1468 1771 1520 1856; x_wconf 92' lang='lat' dir='ltr'><strong>ab</strong></span> <span class='ocrx_word' id='word_1_79' title='bbox 1550 1768 1717 1858; x_wconf 89' lang='lat' dir='ltr'><strong>auribus</strong></span> <span class='ocrx_word' id='word_1_80' title='bbox 1732 1775 1902 1860; x_wconf 88' lang='lat' dir='ltr'><strong>descen·</strong></span> 
     </span>
     <span class='ocr_line' id='line_1_10' title="bbox 205 1917 1901 2035; baseline 0.003 -28"><span class='ocrx_word' id='word_1_81' title='bbox 205 1924 336 2007; x_wconf 90' lang='lat' dir='ltr'><strong>dente</strong></span> <span class='ocrx_word' id='word_1_82' title='bbox 364 1943 408 2006; x_wconf 87' lang='lat' dir='ltr'><strong>et</strong></span> <span class='ocrx_word' id='word_1_83' title='bbox 434 1918 481 2004; x_wconf 90' lang='lat' dir='ltr'><strong>in</strong></span> <span class='ocrx_word' id='word_1_84' title='bbox 510 1921 710 2035; x_wconf 82' lang='lat' dir='ltr'><strong>angulum</strong></span> <span class='ocrx_word' id='word_1_85' title='bbox 737 1937 928 2006; x_wconf 81' lang='lat' dir='ltr'><strong>coeunte.</strong></span> <span class='ocrx_word' id='word_1_86' title='bbox 988 1923 1154 2006; x_wconf 85' lang='lat' dir='ltr'><strong>Collum</strong></span> <span class='ocrx_word' id='word_1_87' title='bbox 1179 1917 1337 2006; x_wconf 90' lang='lat' dir='ltr'><strong>dehinc</strong></span> <span class='ocrx_word' id='word_1_88' title='bbox 1364 1943 1502 2006; x_wconf 90' lang='lat' dir='ltr'><strong>totum</strong></span> <span class='ocrx_word' id='word_1_89' title='bbox 1531 1945 1666 2008; x_wconf 87' lang='lat' dir='ltr'><strong>atrum</strong></span> <span class='ocrx_word' id='word_1_90' title='bbox 1679 1987 1694 2025; x_wconf 89' lang='lat'><strong>,</strong></span> <span class='ocrx_word' id='word_1_91' title='bbox 1737 1928 1901 2012; x_wconf 84' lang='lat' dir='ltr'><strong>macula</strong></span> 
     </span>
     <span class='ocr_line' id='line_1_11' title="bbox 204 2060 1901 2194; baseline 0.005 -36"><span class='ocrx_word' id='word_1_92' title='bbox 204 2060 499 2190; x_wconf 61' lang='lat' dir='ltr'><strong>saepius&#39;alba</strong></span> <span class='ocrx_word' id='word_1_93' title='bbox 528 2078 671 2162; x_wconf 83' lang='lat' dir='ltr'><strong>subtus</strong></span> <span class='ocrx_word' id='word_1_94' title='bbox 699 2101 840 2158; x_wconf 86' lang='lat' dir='ltr'><strong>versus</strong></span> <span class='ocrx_word' id='word_1_95' title='bbox 868 2073 1024 2186; x_wconf 89' lang='lat' dir='ltr'><strong>gulam.</strong></span> <span class='ocrx_word' id='word_1_96' title='bbox 1081 2074 1230 2156; x_wconf 86' lang='lat' dir='ltr'><strong>Fascio</strong></span> <span class='ocrx_word' id='word_1_97' title='bbox 1259 2074 1354 2158; x_wconf 89' lang='lat' dir='ltr'><strong>alba</strong></span> <span class='ocrx_word' id='word_1_98' title='bbox 1386 2105 1522 2158; x_wconf 89' lang='lat' dir='ltr'><strong>versus</strong></span> <span class='ocrx_word' id='word_1_99' title='bbox 1546 2077 1737 2190; x_wconf 86' lang='lat' dir='ltr'><strong>jugulum</strong></span> <span class='ocrx_word' id='word_1_100' title='bbox 1765 2077 1901 2194; x_wconf 89' lang='lat' dir='ltr'><strong>nigre·</strong></span> 
     </span>
     <span class='ocr_line' id='line_1_12' title="bbox 205 2225 1901 2341; baseline 0.005 -31"><span class='ocrx_word' id='word_1_101' title='bbox 205 2225 355 2310; x_wconf 86' lang='lat' dir='ltr'><strong>dinem</strong></span> <span class='ocrx_word' id='word_1_102' title='bbox 381 2226 608 2333; x_wconf 82' lang='lat' dir='ltr'><strong>terminat,</strong></span> <span class='ocrx_word' id='word_1_103' title='bbox 652 2227 699 2312; x_wconf 95' lang='lat' dir='ltr'><strong>in</strong></span> <span class='ocrx_word' id='word_1_104' title='bbox 727 2256 809 2341; x_wconf 91' lang='lat' dir='ltr'><strong>qua</strong></span> <span class='ocrx_word' id='word_1_105' title='bbox 836 2253 930 2308; x_wconf 90' lang='lat' dir='ltr'><strong>area</strong></span> <span class='ocrx_word' id='word_1_106' title='bbox 960 2252 1135 2337; x_wconf 88' lang='lat' dir='ltr'><strong>magna,</strong></span> <span class='ocrx_word' id='word_1_107' title='bbox 1178 2225 1347 2330; x_wconf 89' lang='lat' dir='ltr'><strong>lunata,</strong></span> <span class='ocrx_word' id='word_1_108' title='bbox 1392 2248 1480 2311; x_wconf 87' lang='lat' dir='ltr'><strong>atra</strong></span> <span class='ocrx_word' id='word_1_109' title='bbox 1507 2249 1752 2317; x_wconf 78' lang='lat' dir='ltr'><strong>transversa.</strong></span> <span class='ocrx_word' id='word_1_110' title='bbox 1820 2236 1901 2319; x_wconf 83' lang='lat' dir='ltr'><strong>Vo-</strong></span> 
     </span>
     <span class='ocr_line' id='line_1_13' title="bbox 204 2375 1899 2494; baseline 0.007 -33"><span class='ocrx_word' id='word_1_111' title='bbox 204 2387 383 2492; x_wconf 81' lang='lat' dir='ltr'><strong>riegotio</strong></span> <span class='ocrx_word' id='word_1_112' title='bbox 410 2378 524 2466; x_wconf 88' lang='lat' dir='ltr'><strong>dorsi</strong></span> <span class='ocrx_word' id='word_1_113' title='bbox 550 2381 687 2466; x_wconf 88' lang='lat' dir='ltr'><strong>multo</strong></span> <span class='ocrx_word' id='word_1_114' title='bbox 716 2375 950 2492; x_wconf 83' lang='lat' dir='ltr'><strong>elegantior</strong></span> <span class='ocrx_word' id='word_1_115' title='bbox 979 2397 1023 2460; x_wconf 90' lang='lat' dir='ltr'><strong>et</strong></span> <span class='ocrx_word' id='word_1_116' title='bbox 1050 2378 1167 2462; x_wconf 88' lang='lat' dir='ltr'><strong>color</strong></span> <span class='ocrx_word' id='word_1_117' title='bbox 1194 2377 1421 2491; x_wconf 85' lang='lat' dir='ltr'><strong>pallidior,</strong></span> <span class='ocrx_word' id='word_1_118' title='bbox 1465 2409 1591 2494; x_wconf 90' lang='lat' dir='ltr'><strong>quam</strong></span> <span class='ocrx_word' id='word_1_119' title='bbox 1630 2381 1827 2469; x_wconf 87' lang='lat' dir='ltr'><strong>foeminis</strong></span> <span class='ocrx_word' id='word_1_120' title='bbox 1855 2409 1899 2472; x_wconf 89' lang='lat' dir='ltr'><strong>et</strong></span> 
     </span>
     <span class='ocr_line' id='line_1_14' title="bbox 202 2527 1510 2646; baseline -0.002 -30"><span class='ocrx_word' id='word_1_121' title='bbox 202 2531 466 2644; x_wconf 85' lang='lat' dir='ltr'><strong>junioribus,</strong></span> <span class='ocrx_word' id='word_1_122' title='bbox 496 2532 647 2646; x_wconf 87' lang='lat' dir='ltr'><strong>quibus</strong></span> <span class='ocrx_word' id='word_1_123' title='bbox 676 2532 836 2616; x_wconf 91' lang='lat' dir='ltr'><strong>collum</strong></span> <span class='ocrx_word' id='word_1_124' title='bbox 863 2550 906 2614; x_wconf 91' lang='lat' dir='ltr'><strong>et</strong></span> <span class='ocrx_word' id='word_1_125' title='bbox 934 2527 1032 2642; x_wconf 86' lang='lat' dir='ltr'><strong>gula</strong></span> <span class='ocrx_word' id='word_1_126' title='bbox 1061 2527 1228 2643; x_wconf 86' lang='lat' dir='ltr'><strong>corpori</strong></span> <span class='ocrx_word' id='word_1_127' title='bbox 1256 2527 1510 2614; x_wconf 89' lang='lat' dir='ltr'><strong>concoloria.</strong></span> 
     </span>
    </p>
   </div>
   <div class='ocr_carea' id='block_1_3' title="bbox 349 2682 2055 2805">
    <p class='ocr_par' dir='ltr' id='par_1_3' title="bbox 349 2682 2055 2805">
     <span class='ocr_line' id='line_1_15' title="bbox 349 2682 2055 2805; baseline 0.005 -36"><span class='ocrx_word' id='word_1_128' title='bbox 349 2735 401 2752; x_wconf 92' lang='lat'><em>-</em></span> <span class='ocrx_word' id='word_1_129' title='bbox 432 2719 473 2770; x_wconf 80' lang='lat' dir='ltr'><strong>a.</strong></span> <span class='ocrx_word' id='word_1_130' title='bbox 500 2691 626 2770; x_wconf 90' lang='lat' dir='ltr'><strong>Forte</strong></span> <span class='ocrx_word' id='word_1_131' title='bbox 669 2713 765 2769; x_wconf 78' lang='lat' dir='ltr'><strong>ates</strong></span> <span class='ocrx_word' id='word_1_132' title='bbox 806 2682 958 2766; x_wconf 81' lang='lat' dir='ltr'><strong>Rbaad</strong></span> <span class='ocrx_word' id='word_1_133' title='bbox 993 2702 1038 2764; x_wconf 88' lang='lat' dir='ltr'><strong>et</strong></span> <span class='ocrx_word' id='word_1_134' title='bbox 1075 2683 1221 2791; x_wconf 81' lang='lat' dir='ltr'><strong>Safsof</strong></span> <span class='ocrx_word' id='word_1_135' title='bbox 1250 2683 1441 2766; x_wconf 67' lang='lat' dir='ltr'><strong>stanit</strong></span> <span class='ocrx_word' id='word_1_136' title='bbox 1482 2685 1590 2790; x_wconf 81' lang='lat' dir='ltr'><strong>(trin.</strong></span> <span class='ocrx_word' id='word_1_137' title='bbox 1619 2717 1660 2798; x_wconf 88' lang='lat' dir='ltr'><strong>p.</strong></span> <span class='ocrx_word' id='word_1_138' title='bbox 1692 2694 1806 2802; x_wconf 56' lang='lat'>25¹2.)</span> <span class='ocrx_word' id='word_1_139' title='bbox 1845 2688 1913 2788; x_wconf 29' lang='lat' dir='ltr'><strong>ab.</strong></span> <span class='ocrx_word' id='word_1_140' title='bbox 2051 2797 2055 2805; x_wconf 32' lang='grc'>,</span> 
     </span>
    </p>
   </div>
   <div class='ocr_carea' id='block_1_4' title="bbox 199 2832 1900 4026">
    <p class='ocr_par' dir='ltr' id='par_1_4' title="bbox 199 2832 1896 3107">
     <span class='ocr_line' id='line_1_16' title="bbox 202 2832 1896 2948; baseline 0.001 -24"><span class='ocrx_word' id='word_1_141' title='bbox 202 2836 338 2924; x_wconf 91' lang='lat' dir='ltr'><strong>Otide</strong></span> <span class='ocrx_word' id='word_1_142' title='bbox 366 2844 546 2924; x_wconf 87' lang='lat' dir='ltr'><strong>Tetrace</strong></span> <span class='ocrx_word' id='word_1_143' title='bbox 574 2869 659 2924; x_wconf 89' lang='lat' dir='ltr'><strong>non</strong></span> <span class='ocrx_word' id='word_1_144' title='bbox 688 2856 810 2922; x_wconf 88' lang='lat' dir='ltr'><strong>erunt</strong></span> <span class='ocrx_word' id='word_1_145' title='bbox 837 2832 1186 2947; x_wconf 73' lang='lat' dir='ltr'><strong>distinguendae,</strong></span> <span class='ocrx_word' id='word_1_146' title='bbox 1214 2836 1330 2948; x_wconf 91' lang='lat' dir='ltr'><strong>quod</strong></span> <span class='ocrx_word' id='word_1_147' title='bbox 1357 2832 1461 2920; x_wconf 86' lang='lat' dir='ltr'><strong>fecit</strong></span> <span class='ocrx_word' id='word_1_148' title='bbox 1486 2837 1768 2948; x_wconf 81' lang='lat' dir='ltr'><strong>Buffonius</strong></span> <span class='ocrx_word' id='word_1_149' title='bbox 1812 2873 1896 2930; x_wconf 85' lang='lat' dir='ltr'><strong>om.</strong></span> 
     </span>
     <span class='ocr_line' id='line_1_17' title="bbox 199 2993 429 3107; baseline 0.013 -32"><span class='ocrx_word' id='word_1_150' title='bbox 199 2993 257 3078; x_wconf 90' lang='grc' dir='ltr'><strong>Π.</strong></span> <span class='ocrx_word' id='word_1_151' title='bbox 288 3024 330 3107; x_wconf 86' lang='lat' dir='ltr'><strong>p.</strong></span> <span class='ocrx_word' id='word_1_152' title='bbox 361 3005 429 3078; x_wconf 81' lang='lat'><strong>61.</strong></span> 
     </span>
    </p>

    <p class='ocr_par' dir='ltr' id='par_1_5' title="bbox 199 3137 1900 4026">
     <span class='ocr_line' id='line_1_18' title="bbox 340 3137 1896 3260; baseline 0.003 -32"><span class='ocrx_word' id='word_1_153' title='bbox 340 3145 455 3230; x_wconf 85' lang='lat' dir='ltr'><strong>Not.</strong></span> <span class='ocrx_word' id='word_1_154' title='bbox 487 3157 526 3232; x_wconf 83' lang='grc'><strong>3.</strong></span> <span class='ocrx_word' id='word_1_155' title='bbox 557 3144 643 3231; x_wconf 91' lang='lat' dir='ltr'><strong>Sub</strong></span> <span class='ocrx_word' id='word_1_156' title='bbox 672 3141 820 3229; x_wconf 90' lang='lat' dir='ltr'><strong>collari</strong></span> <span class='ocrx_word' id='word_1_157' title='bbox 848 3139 969 3257; x_wconf 88' lang='lat' dir='ltr'><strong>nigro</strong></span> <span class='ocrx_word' id='word_1_158' title='bbox 996 3137 1158 3229; x_wconf 81' lang='lat' dir='ltr'><strong>collum&#39;</strong></span> <span class='ocrx_word' id='word_1_159' title='bbox 1183 3169 1314 3258; x_wconf 87' lang='lat' dir='ltr'><strong>nsque</strong></span> <span class='ocrx_word' id='word_1_160' title='bbox 1344 3140 1398 3228; x_wconf 89' lang='lat' dir='ltr'><strong>ad</strong></span> <span class='ocrx_word' id='word_1_161' title='bbox 1425 3142 1561 3260; x_wconf 87' lang='lat' dir='ltr'><strong>ipsam</strong></span> <span class='ocrx_word' id='word_1_162' title='bbox 1596 3143 1782 3231; x_wconf 88' lang='lat' dir='ltr'><strong>nucham</strong></span> <span class='ocrx_word' id='word_1_163' title='bbox 1809 3144 1896 3232; x_wconf 93' lang='lat' dir='ltr'><strong>cin·</strong></span> 
     </span>
     <span class='ocr_line' id='line_1_19' title="bbox 201 3294 1900 3408; baseline -0.002 -19"><span class='ocrx_word' id='word_1_164' title='bbox 201 3321 320 3388; x_wconf 87' lang='lat' dir='ltr'><strong>ctum</strong></span> <span class='ocrx_word' id='word_1_165' title='bbox 347 3297 537 3384; x_wconf 88' lang='lat' dir='ltr'><strong>musculo</strong></span> <span class='ocrx_word' id='word_1_166' title='bbox 565 3299 823 3382; x_wconf 86' lang='lat' dir='ltr'><strong>subcutaneo</strong></span> <span class='ocrx_word' id='word_1_167' title='bbox 851 3298 1040 3408; x_wconf 89' lang='lat' dir='ltr'><strong>ejusdem</strong></span> <span class='ocrx_word' id='word_1_168' title='bbox 1068 3294 1307 3380; x_wconf 89' lang='lat' dir='ltr'><strong>latitudinis</strong></span> <span class='ocrx_word' id='word_1_169' title='bbox 1335 3319 1379 3382; x_wconf 89' lang='lat' dir='ltr'><strong>et</strong></span> <span class='ocrx_word' id='word_1_170' title='bbox 1396 3301 1434 3383; x_wconf 79' lang='grc'><strong>’3,</strong></span> <span class='ocrx_word' id='word_1_171' title='bbox 1460 3297 1536 3382; x_wconf 88' lang='lat' dir='ltr'><strong>lin.</strong></span> <span class='ocrx_word' id='word_1_172' title='bbox 1564 3295 1775 3404; x_wconf 86' lang='lat' dir='ltr'><strong>crassitie,</strong></span> <span class='ocrx_word' id='word_1_173' title='bbox 1829 3298 1900 3401; x_wconf 85' lang='lat' dir='ltr'><strong>cni</strong></span> 
     </span>
     <span class='ocr_line' id='line_1_20' title="bbox 201 3447 1897 3566; baseline 0 -27"><span class='ocrx_word' id='word_1_174' title='bbox 201 3455 406 3540; x_wconf 71' lang='lat' dir='ltr'><strong>succubat</strong></span> <span class='ocrx_word' id='word_1_175' title='bbox 431 3449 628 3566; x_wconf 91' lang='lat' dir='ltr'><strong>utrinque</strong></span> <span class='ocrx_word' id='word_1_176' title='bbox 657 3449 865 3534; x_wconf 85' lang='lat' dir='ltr'><strong>musculus</strong></span> <span class='ocrx_word' id='word_1_177' title='bbox 893 3447 1238 3563; x_wconf 81' lang='lat' dir='ltr'><strong>longitudinalis,</strong></span> <span class='ocrx_word' id='word_1_178' title='bbox 1268 3447 1394 3562; x_wconf 83' lang='lat' dir='ltr'><strong>digiti</strong></span> <span class='ocrx_word' id='word_1_179' title='bbox 1422 3449 1675 3550; x_wconf 89' lang='lat' dir='ltr'><strong>latitudine,</strong></span> <span class='ocrx_word' id='word_1_180' title='bbox 1704 3455 1756 3538; x_wconf 87' lang='lat' dir='ltr'><strong>ab</strong></span> <span class='ocrx_word' id='word_1_181' title='bbox 1792 3452 1897 3540; x_wconf 89' lang='lat' dir='ltr'><strong>auri·</strong></span> 
     </span>
     <span class='ocr_line' id='line_1_21' title="bbox 199 3591 1895 3722; baseline 0.001 -32"><span class='ocrx_word' id='word_1_182' title='bbox 199 3605 282 3690; x_wconf 89' lang='lat' dir='ltr'><strong>bus</strong></span> <span class='ocrx_word' id='word_1_183' title='bbox 308 3635 386 3722; x_wconf 92' lang='lat' dir='ltr'><strong>per</strong></span> <span class='ocrx_word' id='word_1_184' title='bbox 411 3605 572 3692; x_wconf 89' lang='lat' dir='ltr'><strong>collum</strong></span> <span class='ocrx_word' id='word_1_185' title='bbox 598 3601 851 3690; x_wconf 87' lang='lat' dir='ltr'><strong>discendens</strong></span> <span class='ocrx_word' id='word_1_186' title='bbox 879 3603 1109 3686; x_wconf 87' lang='lat' dir='ltr'><strong>secundum</strong></span> <span class='ocrx_word' id='word_1_187' title='bbox 1138 3601 1357 3716; x_wconf 89' lang='lat' dir='ltr'><strong>laryngem</strong></span> <span class='ocrx_word' id='word_1_188' title='bbox 1386 3624 1430 3688; x_wconf 89' lang='lat' dir='ltr'><strong>et</strong></span> <span class='ocrx_word' id='word_1_189' title='bbox 1463 3591 1776 3718; x_wconf 87' lang='lat' dir='ltr'><strong>oesophagum,</strong></span> <span class='ocrx_word' id='word_1_190' title='bbox 1815 3604 1895 3692; x_wconf 89' lang='lat' dir='ltr'><strong>ini·</strong></span> 
     </span>
     <span class='ocr_line' id='line_1_22' title="bbox 199 3725 1895 3862; baseline 0.001 -20"><span class='ocrx_word' id='word_1_191' title='bbox 199 3755 267 3842; x_wconf 91' lang='lat' dir='ltr'><strong>tio</strong></span> <span class='ocrx_word' id='word_1_192' title='bbox 293 3787 377 3842; x_wconf 90' lang='lat' dir='ltr'><strong>una</strong></span> <span class='ocrx_word' id='word_1_193' title='bbox 405 3754 519 3844; x_wconf 90' lang='lat' dir='ltr'><strong>linea</strong></span> <span class='ocrx_word' id='word_1_194' title='bbox 548 3752 747 3862; x_wconf 82' lang='lat' dir='ltr'><strong>crassior,</strong></span> <span class='ocrx_word' id='word_1_195' title='bbox 790 3752 892 3840; x_wconf 92' lang='lat' dir='ltr'><strong>dein</strong></span> <span class='ocrx_word' id='word_1_196' title='bbox 932 3753 1088 3842; x_wconf 89' lang='lat' dir='ltr'><strong>sensim</strong></span> <span class='ocrx_word' id='word_1_197' title='bbox 1128 3755 1389 3840; x_wconf 85' lang='lat' dir='ltr'><strong>adtenuatus.</strong></span> <span class='ocrx_word' id='word_1_198' title='bbox 1461 3725 1644 3844; x_wconf 82' lang='lat' dir='ltr'><strong>Cuinam</strong></span> <span class='ocrx_word' id='word_1_199' title='bbox 1691 3755 1813 3844; x_wconf 79' lang='lat' dir='ltr'><strong>usuit</strong></span> <span class='ocrx_word' id='word_1_200' title='bbox 1840 3809 1895 3828; x_wconf 86' lang='lat'><strong>-·</strong></span> 
     </span>
     <span class='ocr_line' id='line_1_23' title="bbox 203 3903 1895 4026; baseline -0.004 -26"><span class='ocrx_word' id='word_1_201' title='bbox 203 3909 365 4000; x_wconf 87' lang='lat' dir='ltr'><strong>Carnes</strong></span> <span class='ocrx_word' id='word_1_202' title='bbox 389 3908 574 4026; x_wconf 84' lang='lat' dir='ltr'><strong>pectoris</strong></span> <span class='ocrx_word' id='word_1_203' title='bbox 599 3907 787 3996; x_wconf 75' lang='lat' dir='ltr'><strong>uscidae</strong></span> <span class='ocrx_word' id='word_1_204' title='bbox 799 3969 814 4010; x_wconf 92' lang='lat'><strong>,</strong></span> <span class='ocrx_word' id='word_1_205' title='bbox 851 3905 1066 3994; x_wconf 79' lang='lat' dir='ltr'><strong>femoralis</strong></span> <span class='ocrx_word' id='word_1_206' title='bbox 1108 3927 1282 4022; x_wconf 81' lang='lat' dir='ltr'><strong>exparte</strong></span> <span class='ocrx_word' id='word_1_207' title='bbox 1312 3903 1479 4014; x_wconf 83' lang='lat' dir='ltr'><strong>albida,</strong></span> <span class='ocrx_word' id='word_1_208' title='bbox 1521 3927 1822 4022; x_wconf 87' lang='lat' dir='ltr'><strong>contraquam</strong></span> <span class='ocrx_word' id='word_1_209' title='bbox 1848 3909 1895 3994; x_wconf 87' lang='lat' dir='ltr'><strong>in</strong></span> 
     </span>
    </p>
   </div>
   <div class='ocr_carea' id='block_1_5' title="bbox 202 4057 497 4150">
    <p class='ocr_par' dir='ltr' id='par_1_6' title="bbox 202 4057 497 4150">
     <span class='ocr_line' id='line_1_24' title="bbox 202 4057 497 4150; baseline 0.01 -3"><span class='ocrx_word' id='word_1_210' title='bbox 202 4057 302 4148; x_wconf 78' lang='lat' dir='ltr'><strong>aliis</strong></span> <span class='ocrx_word' id='word_1_211' title='bbox 336 4061 497 4150; x_wconf 87' lang='lat' dir='ltr'><strong>avibus.</strong></span> 
     </span>
    </p>
   </div>
   <div class='ocr_carea' id='block_1_6' title="bbox 720 4291 1376 4404">
    <p class='ocr_par' dir='ltr' id='par_1_7' title="bbox 720 4291 1376 4404">
     <span class='ocr_line' id='line_1_25' title="bbox 720 4291 1376 4404; baseline 0.002 -3"><span class='ocrx_word' id='word_1_212' title='bbox 720 4293 950 4404; x_wconf 86' lang='lat' dir='ltr'>XXXVI.</span> <span class='ocrx_word' id='word_1_213' title='bbox 1016 4291 1138 4402; x_wconf 90' lang='lat' dir='ltr'><strong>GR</strong></span> <span class='ocrx_word' id='word_1_214' title='bbox 1174 4297 1221 4400; x_wconf 94' lang='lat' dir='ltr'>U</span> <span class='ocrx_word' id='word_1_215' title='bbox 1254 4295 1297 4400; x_wconf 88' lang='lat' dir='ltr'><strong>E</strong></span> <span class='ocrx_word' id='word_1_216' title='bbox 1330 4297 1376 4402; x_wconf 90' lang='lat' dir='ltr'><strong>S.</strong></span> 
     </span>
    </p>
   </div>
   <div class='ocr_carea' id='block_1_7' title="bbox 195 4527 1889 4920">
    <p class='ocr_par' dir='ltr' id='par_1_8' title="bbox 195 4527 1889 4920">
     <span class='ocr_line' id='line_1_26' title="bbox 877 4527 1187 4568; baseline -0.016 -14"><span class='ocrx_word' id='word_1_217' title='bbox 877 4527 1187 4568; x_wconf 55' lang='lat'><strong>,....-...</strong></span> 
     </span>
     <span class='ocr_line' id='line_1_27' title="bbox 340 4647 1889 4774; baseline -0.004 -30"><span class='ocrx_word' id='word_1_218' title='bbox 340 4651 528 4774; x_wconf 83' lang='lat' dir='ltr'><strong>Exposui</strong></span> <span class='ocrx_word' id='word_1_219' title='bbox 557 4663 641 4764; x_wconf 85' lang='lat' dir='ltr'><strong>jam</strong></span> <span class='ocrx_word' id='word_1_220' title='bbox 670 4649 774 4740; x_wconf 89' lang='lat' dir='ltr'><strong>olim</strong></span> <span class='ocrx_word' id='word_1_221' title='bbox 800 4647 847 4736; x_wconf 88' lang='lat' dir='ltr'><strong>in</strong></span> <span class='ocrx_word' id='word_1_222' title='bbox 873 4652 1107 4766; x_wconf 75' lang='lat' dir='ltr'><strong>spicilegiis</strong></span> <span class='ocrx_word' id='word_1_223' title='bbox 1118 4649 1357 4764; x_wconf 84' lang='lat' dir='ltr'><strong>Zoologicis</strong></span> <span class='ocrx_word' id='word_1_224' title='bbox 1371 4653 1430 4762; x_wconf 58' lang='lat'><strong>(²)</strong></span> <span class='ocrx_word' id='word_1_225' title='bbox 1459 4670 1715 4767; x_wconf 89' lang='lat' dir='ltr'><strong>quapropter</strong></span> <span class='ocrx_word' id='word_1_226' title='bbox 1742 4653 1889 4769; x_wconf 86' lang='lat' dir='ltr'><strong>etqui·</strong></span> 
     </span>
     <span class='ocr_line' id='line_1_28' title="bbox 195 4791 1887 4920; baseline -0.005 -20"><span class='ocrx_word' id='word_1_227' title='bbox 195 4813 277 4900; x_wconf 84' lang='lat' dir='ltr'><strong>bus</strong></span> <span class='ocrx_word' id='word_1_228' title='bbox 306 4791 618 4896; x_wconf 85' lang='lat' dir='ltr'><strong>characteribus</strong></span> <span class='ocrx_word' id='word_1_229' title='bbox 645 4841 669 4892; x_wconf 88' lang='lat' dir='ltr'><strong>a</strong></span> <span class='ocrx_word' id='word_1_230' title='bbox 697 4812 860 4894; x_wconf 89' lang='lat' dir='ltr'><strong>Genere</strong></span> <span class='ocrx_word' id='word_1_231' title='bbox 888 4801 1143 4908; x_wconf 76' lang='lat' dir='ltr'><strong>Ardeatum,</strong></span> <span class='ocrx_word' id='word_1_232' title='bbox 1173 4807 1304 4888; x_wconf 89' lang='lat' dir='ltr'><strong>Grues</strong></span> <span class='ocrx_word' id='word_1_233' title='bbox 1331 4822 1375 4888; x_wconf 91' lang='lat' dir='ltr'><strong>et</strong></span> <span class='ocrx_word' id='word_1_234' title='bbox 1404 4799 1602 4890; x_wconf 86' lang='lat' dir='ltr'><strong>Ciconias</strong></span> <span class='ocrx_word' id='word_1_235' title='bbox 1631 4801 1887 4920; x_wconf 87' lang='lat' dir='ltr'><strong>distinguen-</strong></span> 
     </span>
    </p>
   </div>
   <div class='ocr_carea' id='block_1_8' title="bbox 192 4967 511 4992">
    <p class='ocr_par' dir='ltr' id='par_1_9' title="bbox 192 4967 511 4992">
     <span class='ocr_line' id='line_1_29' title="bbox 192 4967 511 4992; baseline -0.006 -7"><span class='ocrx_word' id='word_1_236' title='bbox 192 4967 511 4992; x_wconf 44' lang='lat' dir='ltr'><strong>mun—un·-</strong></span> 
     </span>
    </p>
   </div>
   <div class='ocr_carea' id='block_1_9' title="bbox 245 5033 671 5138">
    <p class='ocr_par' dir='ltr' id='par_1_10' title="bbox 245 5033 671 5138">
     <span class='ocr_line' id='line_1_30' title="bbox 245 5033 671 5138; baseline 0 -25"><span class='ocrx_word' id='word_1_237' title='bbox 245 5035 301 5135; x_wconf 69' lang='grc' dir='ltr'><strong>(Ἴ</strong></span> <span class='ocrx_word' id='word_1_238' title='bbox 326 5033 451 5114; x_wconf 66' lang='lat' dir='ltr'><strong>rarat.</strong></span> <span class='ocrx_word' id='word_1_239' title='bbox 475 5033 541 5116; x_wconf 74' lang='lat' dir='ltr'><strong>JV.</strong></span> <span class='ocrx_word' id='word_1_240' title='bbox 567 5060 607 5132; x_wconf 83' lang='lat' dir='ltr'><strong>p.</strong></span> <span class='ocrx_word' id='word_1_241' title='bbox 632 5057 671 5138; x_wconf 69' lang='lat'><strong>4·</strong></span> 
     </span>
    </p>
   </div>
   <div class='ocr_carea' id='block_1_10' title="bbox 0 0 2372 6070">
    <p class='ocr_par' dir='ltr' id='par_1_11' title="bbox 0 0 2372 6070">
     <span class='ocr_line' id='line_1_31' title="bbox 0 0 2372 6070; baseline 0 4"><span class='ocrx_word' id='word_1_242' title='bbox 0 0 2372 6070; x_wconf 95' lang='lat' dir='ltr'><strong> </strong></span> 
     </span>
    </p>
   </div>
  </div>
 </body>
</html>
