<?xml version="1.0" encoding="UTF-8"?>
<!DOCTYPE html PUBLIC "-//W3C//DTD XHTML 1.0 Transitional//EN"
    "http://www.w3.org/TR/xhtml1/DTD/xhtml1-transitional.dtd">
<html xmlns="http://www.w3.org/1999/xhtml" xml:lang="en" lang="en">
 <head>
  <title>
</title>
<meta http-equiv="Content-Type" content="text/html;charset=utf-8" />
  <meta name='ocr-system' content='tesseract 3.04.00' />
  <meta name='ocr-capabilities' content='ocr_page ocr_carea ocr_par ocr_line ocrx_word'/>
</head>
<body>
  <div class='ocr_page' id='page_1' title='image "./zoographiarosso02pallgoog_0140.png"; bbox 0 0 4734 6070; ppageno 0'>
   <div class='ocr_carea' id='block_1_1' title="bbox 990 487 1909 578">
    <p class='ocr_par' dir='ltr' id='par_1_1' title="bbox 990 487 1909 578">
     <span class='ocr_line' id='line_1_1' title="bbox 990 487 1909 578; baseline 0.008 -29"><span class='ocrx_word' id='word_1_1' title='bbox 990 487 1136 550; x_wconf 59' lang='lat' dir='ltr'><strong>&#39;aa</strong></span> <span class='ocrx_word' id='word_1_2' title='bbox 1825 497 1846 578; x_wconf 74' lang='grc' dir='ltr'><strong>ι·</strong></span> <span class='ocrx_word' id='word_1_3' title='bbox 1858 493 1909 576; x_wconf 75' lang='lat'><strong>13</strong></span> 
     </span>
    </p>
   </div>
   <div class='ocr_carea' id='block_1_2' title="bbox 224 687 1924 2181">
    <p class='ocr_par' dir='ltr' id='par_1_2' title="bbox 224 687 1924 2181">
     <span class='ocr_line' id='line_1_2' title="bbox 224 687 1915 813; baseline 0.002 -33"><span class='ocrx_word' id='word_1_4' title='bbox 224 691 350 812; x_wconf 83' lang='lat' dir='ltr'><strong>gypti</strong></span> <span class='ocrx_word' id='word_1_5' title='bbox 377 715 421 780; x_wconf 90' lang='lat' dir='ltr'><strong>et</strong></span> <span class='ocrx_word' id='word_1_6' title='bbox 460 688 617 808; x_wconf 81' lang='lat' dir='ltr'><strong>Belgii.</strong></span> <span class='ocrx_word' id='word_1_7' title='bbox 680 687 920 782; x_wconf 75' lang='lat' dir='ltr'><strong>Difficilior</strong></span> <span class='ocrx_word' id='word_1_8' title='bbox 947 717 1089 780; x_wconf 88' lang='lat' dir='ltr'><strong>autem</strong></span> <span class='ocrx_word' id='word_1_9' title='bbox 1116 691 1334 811; x_wconf 79' lang='lat' dir='ltr'>indagatio</span> <span class='ocrx_word' id='word_1_10' title='bbox 1362 721 1535 800; x_wconf 84' lang='lat' dir='ltr'><strong>causae,</strong></span> <span class='ocrx_word' id='word_1_11' title='bbox 1587 717 1915 813; x_wconf 83' lang='lat' dir='ltr'><strong>propterquam</strong></span> 
     </span>
     <span class='ocr_line' id='line_1_3' title="bbox 225 846 1917 963; baseline -0.002 -27"><span class='ocrx_word' id='word_1_12' title='bbox 225 848 405 936; x_wconf 89' lang='lat' dir='ltr'><strong>Ciconia</strong></span> <span class='ocrx_word' id='word_1_13' title='bbox 431 846 550 962; x_wconf 83' lang='lat' dir='ltr'><strong>nigra</strong></span> <span class='ocrx_word' id='word_1_14' title='bbox 578 877 709 963; x_wconf 90' lang='lat' dir='ltr'><strong>usque</strong></span> <span class='ocrx_word' id='word_1_15' title='bbox 736 846 782 932; x_wconf 89' lang='lat' dir='ltr'><strong>in</strong></span> <span class='ocrx_word' id='word_1_16' title='bbox 813 847 1011 934; x_wconf 87' lang='lat' dir='ltr'><strong>Sibiriam</strong></span> <span class='ocrx_word' id='word_1_17' title='bbox 1037 848 1195 961; x_wconf 90' lang='lat' dir='ltr'><strong>ubique</strong></span> <span class='ocrx_word' id='word_1_18' title='bbox 1221 849 1441 962; x_wconf 82' lang='lat' dir='ltr'>frequens,</span> <span class='ocrx_word' id='word_1_19' title='bbox 1473 849 1522 936; x_wconf 86' lang='lat' dir='ltr'><strong>C.</strong></span> <span class='ocrx_word' id='word_1_20' title='bbox 1553 851 1649 936; x_wconf 84' lang='lat' dir='ltr'><strong>alba</strong></span> <span class='ocrx_word' id='word_1_21' title='bbox 1676 870 1841 934; x_wconf 88' lang='lat' dir='ltr'><strong>tanturn</strong></span> <span class='ocrx_word' id='word_1_22' title='bbox 1868 847 1917 932; x_wconf 91' lang='lat' dir='ltr'><strong>in</strong></span> 
     </span>
     <span class='ocr_line' id='line_1_4' title="bbox 224 997 1924 1116; baseline -0.001 -30"><span class='ocrx_word' id='word_1_23' title='bbox 224 997 561 1086; x_wconf 88' lang='lat' dir='ltr'><strong>occidentalibus</strong></span> <span class='ocrx_word' id='word_1_24' title='bbox 587 999 834 1116; x_wconf 80' lang='lat' dir='ltr'><strong>temperatis</strong></span> <span class='ocrx_word' id='word_1_25' title='bbox 861 999 1059 1104; x_wconf 87' lang='lat' dir='ltr'><strong>Rossiae,</strong></span> <span class='ocrx_word' id='word_1_26' title='bbox 1102 997 1217 1084; x_wconf 89' lang='lat' dir='ltr'><strong>etin</strong></span> <span class='ocrx_word' id='word_1_27' title='bbox 1247 1005 1415 1116; x_wconf 84' lang='lat' dir='ltr'><strong>Europa</strong></span> <span class='ocrx_word' id='word_1_28' title='bbox 1441 999 1660 1086; x_wconf 86' lang='lat' dir='ltr'><strong>familiaris</strong></span> <span class='ocrx_word' id='word_1_29' title='bbox 1688 997 1760 1086; x_wconf 85' lang='lat' dir='ltr'><strong>sit.</strong></span> <span class='ocrx_word' id='word_1_30' title='bbox 1815 997 1924 1084; x_wconf 91' lang='lat' dir='ltr'><strong>Nisi·</strong></span> 
     </span>
     <span class='ocr_line' id='line_1_5' title="bbox 228 1147 1919 1268; baseline 0 -33"><span class='ocrx_word' id='word_1_31' title='bbox 228 1152 338 1236; x_wconf 78' lang='lat' dir='ltr'><strong>sorte</strong></span> <span class='ocrx_word' id='word_1_32' title='bbox 367 1150 509 1248; x_wconf 84' lang='lat' dir='ltr'><strong>dicas,</strong></span> <span class='ocrx_word' id='word_1_33' title='bbox 536 1147 648 1236; x_wconf 90' lang='lat' dir='ltr'><strong>hanc</strong></span> <span class='ocrx_word' id='word_1_34' title='bbox 676 1149 903 1267; x_wconf 82' lang='lat' dir='ltr'>praecipue</span> <span class='ocrx_word' id='word_1_35' title='bbox 931 1157 1070 1237; x_wconf 81' lang='lat' dir='ltr'><strong>Ranae</strong></span> <span class='ocrx_word' id='word_1_36' title='bbox 1097 1181 1175 1267; x_wconf 87' lang='lat' dir='ltr'><strong>pro</strong></span> <span class='ocrx_word' id='word_1_37' title='bbox 1203 1151 1321 1238; x_wconf 85' lang='lat' dir='ltr'><strong>victu</strong></span> <span class='ocrx_word' id='word_1_38' title='bbox 1348 1152 1530 1266; x_wconf 84' lang='lat' dir='ltr'>eligere,</span> <span class='ocrx_word' id='word_1_39' title='bbox 1562 1152 1740 1268; x_wconf 87' lang='lat' dir='ltr'><strong>quaein</strong></span> <span class='ocrx_word' id='word_1_40' title='bbox 1769 1147 1919 1252; x_wconf 79' lang='lat' dir='ltr'><strong>Bossia</strong></span> 
     </span>
     <span class='ocr_line' id='line_1_6' title="bbox 224 1301 1920 1420; baseline -0.003 -32"><span class='ocrx_word' id='word_1_41' title='bbox 224 1301 533 1388; x_wconf 68' lang='lat' dir='ltr'><strong>borealiore‘et</strong></span> <span class='ocrx_word' id='word_1_42' title='bbox 561 1301 679 1388; x_wconf 89' lang='lat' dir='ltr'><strong>omni</strong></span> <span class='ocrx_word' id='word_1_43' title='bbox 708 1301 863 1388; x_wconf 85' lang='lat' dir='ltr'><strong>Sib&#39;iria</strong></span> <span class='ocrx_word' id='word_1_44' title='bbox 890 1303 979 1388; x_wconf 84' lang='lat' dir='ltr'><strong>fere</strong></span> <span class='ocrx_word' id='word_1_45' title='bbox 1008 1305 1182 1406; x_wconf 76' lang='lat' dir='ltr'><strong>desunt3</strong></span> <span class='ocrx_word' id='word_1_46' title='bbox 1211 1303 1342 1388; x_wconf 86' lang='lat' dir='ltr'><strong>&#39;iilam</strong></span> <span class='ocrx_word' id='word_1_47' title='bbox 1370 1327 1515 1392; x_wconf 83' lang='lat' dir='ltr'><strong>contra</strong></span> <span class='ocrx_word' id='word_1_48' title='bbox 1543 1304 1797 1420; x_wconf 81' lang='lat' dir='ltr'><strong>aquatilibus</strong></span> <span class='ocrx_word' id='word_1_49' title='bbox 1824 1331 1920 1418; x_wconf 87' lang='lat' dir='ltr'><strong>pro·.</strong></span> 
     </span>
     <span class='ocr_line' id='line_1_7' title="bbox 231 1453 1921 1576; baseline 0.001 -38"><span class='ocrx_word' id='word_1_50' title='bbox 231 1453 395 1576; x_wconf 62' lang='lat' dir='ltr'><strong>quiscue</strong></span> <span class='ocrx_word' id='word_1_51' title='bbox 422 1476 630 1570; x_wconf 86' lang='lat' dir='ltr'><strong>pascatur.</strong></span> <span class='ocrx_word' id='word_1_52' title='bbox 686 1461 741 1538; x_wconf 89' lang='lat' dir='ltr'><strong>Et</strong></span> <span class='ocrx_word' id='word_1_53' title='bbox 767 1477 911 1540; x_wconf 91' lang='lat' dir='ltr'><strong>tamen</strong></span> <span class='ocrx_word' id='word_1_54' title='bbox 941 1457 994 1540; x_wconf 85' lang='lat' dir='ltr'><strong>ad</strong></span> <span class='ocrx_word' id='word_1_55' title='bbox 1022 1455 1205 1570; x_wconf 83' lang='lat' dir='ltr'><strong>Volgam</strong></span> <span class='ocrx_word' id='word_1_56' title='bbox 1234 1461 1446 1542; x_wconf 86' lang='lat' dir='ltr'><strong>Ranarum</strong></span> <span class='ocrx_word' id='word_1_57' title='bbox 1475 1459 1641 1543; x_wconf 84' lang='lat' dir='ltr'>abunde</span> <span class='ocrx_word' id='word_1_58' title='bbox 1668 1478 1757 1559; x_wconf 88' lang='lat' dir='ltr'><strong>est,</strong></span> <span class='ocrx_word' id='word_1_59' title='bbox 1790 1455 1921 1544; x_wconf 77' lang='lat' dir='ltr'><strong>Cico-</strong></span> 
     </span>
     <span class='ocr_line' id='line_1_8' title="bbox 224 1605 1923 1721; baseline 0.004 -31"><span class='ocrx_word' id='word_1_60' title='bbox 224 1605 299 1701; x_wconf 87' lang='lat' dir='ltr'><strong>nia</strong></span> <span class='ocrx_word' id='word_1_61' title='bbox 328 1606 423 1690; x_wconf 83' lang='lat' dir='ltr'><strong>alba</strong></span> <span class='ocrx_word' id='word_1_62' title='bbox 452 1629 593 1691; x_wconf 79' lang='lat' dir='ltr'><strong>autem</strong></span> <span class='ocrx_word' id='word_1_63' title='bbox 621 1605 696 1691; x_wconf 85' lang='lat' dir='ltr'><strong>vix</strong></span> <span class='ocrx_word' id='word_1_64' title='bbox 723 1605 931 1709; x_wconf 80' lang='lat' dir='ltr'><strong>occurrit3</strong></span> <span class='ocrx_word' id='word_1_65' title='bbox 987 1630 1031 1692; x_wconf 92' lang='lat' dir='ltr'><strong>et</strong></span> <span class='ocrx_word' id='word_1_66' title='bbox 1059 1608 1188 1694; x_wconf 88' lang='lat' dir='ltr'><strong>clima</strong></span> <span class='ocrx_word' id='word_1_67' title='bbox 1221 1608 1351 1694; x_wconf 84' lang='lat' dir='ltr'><strong>etiam</strong></span> <span class='ocrx_word' id='word_1_68' title='bbox 1389 1609 1596 1694; x_wconf 89' lang='lat' dir='ltr'><strong>aestivum</strong></span> <span class='ocrx_word' id='word_1_69' title='bbox 1624 1610 1758 1694; x_wconf 87' lang='lat' dir='ltr'><strong>multo</strong></span> <span class='ocrx_word' id='word_1_70' title='bbox 1788 1605 1923 1721; x_wconf 73' lang='lat' dir='ltr'><strong>magis</strong></span> 
     </span>
     <span class='ocr_line' id='line_1_9' title="bbox 226 1755 1922 1876; baseline 0.001 -34"><span class='ocrx_word' id='word_1_71' title='bbox 226 1759 367 1860; x_wconf 80' lang='lat' dir='ltr'><strong>favet,</strong></span> <span class='ocrx_word' id='word_1_72' title='bbox 419 1789 544 1874; x_wconf 86' lang='lat' dir='ltr'><strong>quam</strong></span> <span class='ocrx_word' id='word_1_73' title='bbox 577 1757 624 1842; x_wconf 90' lang='lat' dir='ltr'><strong>in</strong></span> <span class='ocrx_word' id='word_1_74' title='bbox 657 1759 810 1874; x_wconf 75' lang='lat' dir='ltr'><strong>Belgio</strong></span> <span class='ocrx_word' id='word_1_75' title='bbox 847 1783 892 1845; x_wconf 88' lang='lat' dir='ltr'><strong>et</strong></span> <span class='ocrx_word' id='word_1_76' title='bbox 930 1755 1081 1875; x_wconf 83' lang='lat' dir='ltr'><strong>inagna</strong></span> <span class='ocrx_word' id='word_1_77' title='bbox 1117 1783 1237 1876; x_wconf 87' lang='lat' dir='ltr'><strong>parte</strong></span> <span class='ocrx_word' id='word_1_78' title='bbox 1265 1761 1533 1846; x_wconf 65' lang='lat' dir='ltr'><strong>Germaniaea</strong></span> <span class='ocrx_word' id='word_1_79' title='bbox 1601 1767 1789 1876; x_wconf 88' lang='lat' dir='ltr'><strong>Utraque</strong></span> <span class='ocrx_word' id='word_1_80' title='bbox 1817 1786 1922 1844; x_wconf 85' lang='lat' dir='ltr'><strong>vero</strong></span> 
     </span>
     <span class='ocr_line' id='line_1_10' title="bbox 226 1907 1923 2032; baseline -0.001 -36"><span class='ocrx_word' id='word_1_81' title='bbox 226 1929 461 1996; x_wconf 88' lang='lat' dir='ltr'><strong>nostrarum</strong></span> <span class='ocrx_word' id='word_1_82' title='bbox 498 1907 770 2000; x_wconf 82' lang='lat' dir='ltr'><strong>Ciconiarum</strong></span> <span class='ocrx_word' id='word_1_83' title='bbox 804 1911 1029 2002; x_wconf 85' lang='lat' dir='ltr'><strong>Americae</strong></span> <span class='ocrx_word' id='word_1_84' title='bbox 1066 1915 1209 2016; x_wconf 82' lang='lat' dir='ltr'><strong>deest,</strong></span> <span class='ocrx_word' id='word_1_85' title='bbox 1263 1941 1370 2026; x_wconf 87' lang='lat' dir='ltr'><strong>quae</strong></span> <span class='ocrx_word' id='word_1_86' title='bbox 1404 1911 1566 2032; x_wconf 83' lang='lat' dir='ltr'><strong>species</strong></span> <span class='ocrx_word' id='word_1_87' title='bbox 1598 1909 1723 2028; x_wconf 79' lang='lat' dir='ltr'><strong>hujus</strong></span> <span class='ocrx_word' id='word_1_88' title='bbox 1758 1907 1923 2028; x_wconf 77' lang='lat' dir='ltr'><strong>generis</strong></span> 
     </span>
     <span class='ocr_line' id='line_1_11' title="bbox 228 2053 1356 2181; baseline 0.004 -33"><span class='ocrx_word' id='word_1_89' title='bbox 228 2059 364 2152; x_wconf 85' lang='lat' dir='ltr'><strong>hebet</strong></span> <span class='ocrx_word' id='word_1_90' title='bbox 387 2053 608 2179; x_wconf 69' lang='lat' dir='ltr'><strong>proprias,</strong></span> <span class='ocrx_word' id='word_1_91' title='bbox 632 2062 868 2152; x_wconf 81' lang='lat' dir='ltr'><strong>australiori</strong></span> <span class='ocrx_word' id='word_1_92' title='bbox 895 2062 1061 2179; x_wconf 85' lang='lat' dir='ltr'><strong>regioni</strong></span> <span class='ocrx_word' id='word_1_93' title='bbox 1089 2063 1250 2152; x_wconf 85' lang='lat' dir='ltr'><strong>dicatas</strong></span> <span class='ocrx_word' id='word_1_94' title='bbox 1280 2073 1356 2181; x_wconf 83' lang='lat'>(*).</span> 
     </span>
    </p>
   </div>
   <div class='ocr_carea' id='block_1_3' title="bbox 697 2311 1463 2438">
    <p class='ocr_par' dir='ltr' id='par_1_3' title="bbox 697 2311 1463 2438">
     <span class='ocr_line' id='line_1_12' title="bbox 697 2311 1463 2438; baseline 0.003 -32"><span class='ocrx_word' id='word_1_95' title='bbox 697 2325 812 2438; x_wconf 76' lang='lat'><strong>243.</strong></span> <span class='ocrx_word' id='word_1_96' title='bbox 888 2311 1250 2412; x_wconf 87' lang='lat' dir='ltr'>CICONIA</span> <span class='ocrx_word' id='word_1_97' title='bbox 1324 2318 1463 2408; x_wconf 85' lang='lat' dir='ltr'><strong>alba.</strong></span> 
     </span>
    </p>
   </div>
   <div class='ocr_carea' id='block_1_4' title="bbox 218 2523 2049 4025">
    <p class='ocr_par' dir='ltr' id='par_1_4' title="bbox 218 2523 2049 4025">
     <span class='ocr_line' id='line_1_13' title="bbox 369 2523 1855 2645; baseline -0.003 -26"><span class='ocrx_word' id='word_1_98' title='bbox 369 2529 420 2619; x_wconf 85' lang='lat' dir='ltr'><strong>C.</strong></span> <span class='ocrx_word' id='word_1_99' title='bbox 448 2553 581 2619; x_wconf 86' lang='lat' dir='ltr'><strong>rostro</strong></span> <span class='ocrx_word' id='word_1_100' title='bbox 609 2525 872 2645; x_wconf 87' lang='lat' dir='ltr'><strong>pedibusque</strong></span> <span class='ocrx_word' id='word_1_101' title='bbox 899 2523 1059 2628; x_wconf 79' lang='lat' dir='ltr'><strong>rubris,</strong></span> <span class='ocrx_word' id='word_1_102' title='bbox 1090 2554 1266 2640; x_wconf 89' lang='lat' dir='ltr'><strong>corpore</strong></span> <span class='ocrx_word' id='word_1_103' title='bbox 1295 2524 1422 2630; x_wconf 87' lang='lat' dir='ltr'><strong>albo,</strong></span> <span class='ocrx_word' id='word_1_104' title='bbox 1451 2523 1680 2642; x_wconf 82' lang='lat' dir='ltr'><strong>remigibus</strong></span> <span class='ocrx_word' id='word_1_105' title='bbox 1707 2525 1855 2644; x_wconf 83' lang='lat' dir='ltr'><strong>nigris.</strong></span> 
     </span>
     <span class='ocr_line' id='line_1_14' title="bbox 453 2679 1927 2782; baseline -0.004 -9"><span class='ocrx_word' id='word_1_106' title='bbox 453 2683 631 2774; x_wconf 88' lang='lat' dir='ltr'><strong>Ciconia</strong></span> <span class='ocrx_word' id='word_1_107' title='bbox 660 2679 756 2765; x_wconf 82' lang='lat' dir='ltr'><strong>alba</strong></span> <span class='ocrx_word' id='word_1_108' title='bbox 784 2701 1024 2782; x_wconf 87' lang='lat' dir='ltr'><strong>auctorum,</strong></span> <span class='ocrx_word' id='word_1_109' title='bbox 1053 2681 1238 2765; x_wconf 78' lang='lat' dir='ltr'><strong>Marcii.</strong></span> <span class='ocrx_word' id='word_1_110' title='bbox 1267 2679 1420 2766; x_wconf 79' lang='lat' dir='ltr'><strong>danub.</strong></span> <span class='ocrx_word' id='word_1_111' title='bbox 1452 2683 1502 2768; x_wconf 87' lang='lat' dir='ltr'><strong>V.</strong></span> <span class='ocrx_word' id='word_1_112' title='bbox 1530 2682 1616 2768; x_wconf 84' lang='lat' dir='ltr'><strong>tab.</strong></span> <span class='ocrx_word' id='word_1_113' title='bbox 1651 2719 1713 2771; x_wconf 84' lang='lat' dir='ltr'><strong>tt.</strong></span> <span class='ocrx_word' id='word_1_114' title='bbox 1770 2681 1927 2767; x_wconf 80' lang='lat' dir='ltr'><strong>Frisch.</strong></span> 
     </span>
     <span class='ocr_line' id='line_1_15' title="bbox 514 2835 1935 2948; baseline -0.003 -25"><span class='ocrx_word' id='word_1_115' title='bbox 514 2869 582 2924; x_wconf 84' lang='lat' dir='ltr'><strong>ov.</strong></span> <span class='ocrx_word' id='word_1_116' title='bbox 612 2837 697 2922; x_wconf 84' lang='lat' dir='ltr'><strong>tob.</strong></span> <span class='ocrx_word' id='word_1_117' title='bbox 739 2848 827 2944; x_wconf 85' lang='grc'><strong>196.</strong></span> <span class='ocrx_word' id='word_1_118' title='bbox 883 2840 1062 2918; x_wconf 78' lang='lat' dir='ltr'><strong>Brisson.</strong></span> <span class='ocrx_word' id='word_1_119' title='bbox 1099 2860 1187 2917; x_wconf 81' lang='lat' dir='ltr'><strong>orn.</strong></span> <span class='ocrx_word' id='word_1_120' title='bbox 1217 2864 1258 2948; x_wconf 86' lang='lat' dir='ltr'><strong>p.</strong></span> <span class='ocrx_word' id='word_1_121' title='bbox 1290 2843 1385 2919; x_wconf 77' lang='lat'><strong>365.</strong></span> <span class='ocrx_word' id='word_1_122' title='bbox 1414 2835 1499 2922; x_wconf 80' lang='lat' dir='ltr'><strong>tab.</strong></span> <span class='ocrx_word' id='word_1_123' title='bbox 1531 2849 1598 2924; x_wconf 78' lang='lat'><strong>32.</strong></span> <span class='ocrx_word' id='word_1_124' title='bbox 1654 2835 1935 2924; x_wconf 79' lang='lat' dir='ltr'><strong>D&#39;oubentott..</strong></span> 
     </span>
     <span class='ocr_line' id='line_1_16' title="bbox 506 2967 1935 3108; baseline -0.006 -32"><span class='ocrx_word' id='word_1_125' title='bbox 506 2967 613 3108; x_wconf 73' lang='lat' dir='ltr'><strong>pict.</strong></span> <span class='ocrx_word' id='word_1_126' title='bbox 642 2987 725 3104; x_wconf 77' lang='lat' dir='ltr'><strong>tob.</strong></span> <span class='ocrx_word' id='word_1_127' title='bbox 757 2997 850 3072; x_wconf 89' lang='grc'><strong>666.</strong></span> <span class='ocrx_word' id='word_1_128' title='bbox 1730 3077 1733 3083; x_wconf 89' lang='lat'><em>.</em></span> <span class='ocrx_word' id='word_1_129' title='bbox 1787 3017 1790 3022; x_wconf 80' lang='grc'>’</span> <span class='ocrx_word' id='word_1_130' title='bbox 1923 3065 1935 3088; x_wconf 29' lang='grc' dir='ltr'><strong>,Ι</strong></span> 
     </span>
     <span class='ocr_line' id='line_1_17' title="bbox 456 3133 1862 3255; baseline -0.002 -25"><span class='ocrx_word' id='word_1_131' title='bbox 456 3146 599 3230; x_wconf 87' lang='lat' dir='ltr'><strong>Ardea</strong></span> <span class='ocrx_word' id='word_1_132' title='bbox 627 3135 824 3244; x_wconf 86' lang='lat' dir='ltr'><strong>Ciconia,</strong></span> <span class='ocrx_word' id='word_1_133' title='bbox 853 3140 944 3223; x_wconf 79' lang='lat' dir='ltr'><strong>Ltn.</strong></span> <span class='ocrx_word' id='word_1_134' title='bbox 965 3133 1079 3250; x_wconf 61' lang='lat' dir='ltr'><strong>&#39;syst</strong></span> <span class='ocrx_word' id='word_1_135' title='bbox 1108 3139 1206 3221; x_wconf 85' lang='grc' dir='ltr'><strong>ΧΠ.</strong></span> <span class='ocrx_word' id='word_1_136' title='bbox 1234 3141 1270 3220; x_wconf 91' lang='grc' dir='ltr'><strong>Ι.</strong></span> <span class='ocrx_word' id='word_1_137' title='bbox 1299 3165 1340 3255; x_wconf 86' lang='lat' dir='ltr'><strong>p.</strong></span> <span class='ocrx_word' id='word_1_138' title='bbox 1372 3151 1464 3227; x_wconf 76' lang='lat'><strong>235.</strong></span> <span class='ocrx_word' id='word_1_139' title='bbox 1489 3157 1553 3250; x_wconf 76' lang='lat' dir='ltr'><strong>&#39;sp</strong></span> <span class='ocrx_word' id='word_1_140' title='bbox 1584 3175 1625 3251; x_wconf 85' lang='lat'><strong>7.</strong></span> <span class='ocrx_word' id='word_1_141' title='bbox 1856 3235 1862 3244; x_wconf 48' lang='grc'><strong>,</strong></span> 
     </span>
     <span class='ocr_line' id='line_1_18' title="bbox 348 3289 2049 3408; baseline -0.002 -26"><span class='ocrx_word' id='word_1_142' title='bbox 348 3297 523 3385; x_wconf 86' lang='lat' dir='ltr'><strong>Rossice</strong></span> <span class='ocrx_word' id='word_1_143' title='bbox 563 3297 725 3383; x_wconf 81' lang='lat' dir='ltr'><strong>Bussell</strong></span> <span class='ocrx_word' id='word_1_144' title='bbox 759 3299 901 3407; x_wconf 79' lang='lat' dir='ltr'><strong>ptizo3</strong></span> <span class='ocrx_word' id='word_1_145' title='bbox 957 3289 1199 3376; x_wconf 86' lang='lat' dir='ltr'><strong>Malorossis</strong></span> <span class='ocrx_word' id='word_1_146' title='bbox 1226 3291 1280 3408; x_wconf 68' lang='lat' dir='ltr'><strong>[et</strong></span> <span class='ocrx_word' id='word_1_147' title='bbox 1306 3292 1360 3378; x_wconf 85' lang='lat' dir='ltr'><strong>ad</strong></span> <span class='ocrx_word' id='word_1_148' title='bbox 1397 3293 1610 3380; x_wconf 71' lang='lat' dir='ltr'><strong>Tenelium</strong></span> <span class='ocrx_word' id='word_1_149' title='bbox 1650 3292 1860 3382; x_wconf 78' lang='lat' dir='ltr'><strong>Botscbbu</strong></span> <span class='ocrx_word' id='word_1_150' title='bbox 1886 3311 1932 3379; x_wconf 84' lang='lat' dir='ltr'><strong>et</strong></span> <span class='ocrx_word' id='word_1_151' title='bbox 2044 3295 2049 3306; x_wconf 85' lang='lat'><em>&#39;</em></span> 
     </span>
     <span class='ocr_line' id='line_1_19' title="bbox 407 3453 1794 3538; baseline -0.003 -2"><span class='ocrx_word' id='word_1_152' title='bbox 407 3453 620 3538; x_wconf 74' lang='lat' dir='ltr'><strong>Nekleibe.</strong></span> <span class='ocrx_word' id='word_1_153' title='bbox 1791 3460 1794 3472; x_wconf 88' lang='lat'>&#39;</span> 
     </span>
     <span class='ocr_line' id='line_1_20' title="bbox 218 3593 1648 3716; baseline -0.003 -25"><span class='ocrx_word' id='word_1_154' title='bbox 218 3641 226 3650; x_wconf 95' lang='lat'>·</span> <span class='ocrx_word' id='word_1_155' title='bbox 353 3601 547 3690; x_wconf 89' lang='lat' dir='ltr'><strong>Bocharo</strong></span> <span class='ocrx_word' id='word_1_156' title='bbox 562 3599 753 3687; x_wconf 87' lang='lat' dir='ltr'><strong>·Tataris</strong></span> <span class='ocrx_word' id='word_1_157' title='bbox 780 3602 944 3716; x_wconf 75' lang='lat' dir='ltr'><strong>Leglek.</strong></span> <span class='ocrx_word' id='word_1_158' title='bbox 1000 3605 1071 3682; x_wconf 92' lang='lat' dir='ltr'><strong>An</strong></span> <span class='ocrx_word' id='word_1_159' title='bbox 1100 3593 1429 3684; x_wconf 84' lang='lat' dir='ltr'><strong>Baschkirorum</strong></span> <span class='ocrx_word' id='word_1_160' title='bbox 1455 3601 1648 3690; x_wconf 77' lang='lat' dir='ltr'><strong>Kordate</strong></span> 
     </span>
     <span class='ocr_line' id='line_1_21' title="bbox 351 3753 746 3844; baseline -0.005 0"><span class='ocrx_word' id='word_1_161' title='bbox 351 3753 593 3844; x_wconf 90' lang='lat' dir='ltr'><strong>Calmuccis</strong></span> <span class='ocrx_word' id='word_1_162' title='bbox 621 3755 746 3842; x_wconf 78' lang='lat' dir='ltr'><strong>Zeno.</strong></span> 
     </span>
     <span class='ocr_line' id='line_1_22' title="bbox 381 3899 1936 4025; baseline -0.001 -33"><span class='ocrx_word' id='word_1_163' title='bbox 381 3913 432 3994; x_wconf 93' lang='lat' dir='ltr'><strong>In</strong></span> <span class='ocrx_word' id='word_1_164' title='bbox 459 3904 712 4024; x_wconf 29' lang='lat' dir='ltr'><strong>regionibus,</strong></span> <span class='ocrx_word' id='word_1_165' title='bbox 728 3903 904 4025; x_wconf 88' lang='lat' dir='ltr'><strong>Imperii</strong></span> <span class='ocrx_word' id='word_1_166' title='bbox 931 3900 1134 3990; x_wconf 89' lang='lat' dir='ltr'><strong>Poloniae</strong></span> <span class='ocrx_word' id='word_1_167' title='bbox 1163 3899 1380 4018; x_wconf 84' lang='lat' dir='ltr'><strong>finitimis,</strong></span> <span class='ocrx_word' id='word_1_168' title='bbox 1424 3905 1762 4009; x_wconf 84' lang='lat' dir='ltr'><strong>austraiioribus,</strong></span> <span class='ocrx_word' id='word_1_169' title='bbox 1791 3926 1837 3991; x_wconf 84' lang='lat' dir='ltr'><strong>et</strong></span> <span class='ocrx_word' id='word_1_170' title='bbox 1862 3903 1936 3990; x_wconf 89' lang='lat' dir='ltr'><strong>de·</strong></span> 
     </span>
    </p>
   </div>
   <div class='ocr_carea' id='block_1_5' title="bbox 239 4054 2087 4178">
    <p class='ocr_par' dir='ltr' id='par_1_5' title="bbox 239 4054 2087 4178">
     <span class='ocr_line' id='line_1_23' title="bbox 239 4054 2087 4178; baseline -0.002 -30"><span class='ocrx_word' id='word_1_171' title='bbox 239 4061 402 4149; x_wconf 83' lang='lat' dir='ltr'><strong>bellate</strong></span> <span class='ocrx_word' id='word_1_172' title='bbox 430 4083 550 4178; x_wconf 88' lang='lat' dir='ltr'><strong>parte</strong></span> <span class='ocrx_word' id='word_1_173' title='bbox 577 4059 697 4176; x_wconf 86' lang='lat' dir='ltr'><strong>regni</strong></span> <span class='ocrx_word' id='word_1_174' title='bbox 723 4057 929 4164; x_wconf 89' lang='lat' dir='ltr'><strong>Polonici‚</strong></span> <span class='ocrx_word' id='word_1_175' title='bbox 960 4054 1024 4141; x_wconf 92' lang='lat' dir='ltr'><strong>uti</strong></span> <span class='ocrx_word' id='word_1_176' title='bbox 1051 4055 1099 4139; x_wconf 88' lang='lat' dir='ltr'><strong>in</strong></span> <span class='ocrx_word' id='word_1_177' title='bbox 1128 4061 1293 4175; x_wconf 89' lang='lat' dir='ltr'><strong>Europa</strong></span> <span class='ocrx_word' id='word_1_178' title='bbox 1321 4061 1533 4176; x_wconf 70' lang='lat' dir='ltr'><strong>frequens·</strong></span> <span class='ocrx_word' id='word_1_179' title='bbox 1561 4059 1691 4148; x_wconf 85' lang='lat' dir='ltr'><strong>etiam</strong></span> <span class='ocrx_word' id='word_1_180' title='bbox 1719 4059 1773 4142; x_wconf 88' lang='lat' dir='ltr'><strong>ad</strong></span> <span class='ocrx_word' id='word_1_181' title='bbox 1799 4064 1936 4162; x_wconf 81' lang='lat' dir='ltr'><strong>Tereo</strong></span> <span class='ocrx_word' id='word_1_182' title='bbox 2038 4095 2041 4104; x_wconf 55' lang='lat'><strong><em>¹</em></strong></span> <span class='ocrx_word' id='word_1_183' title='bbox 2080 4099 2087 4110; x_wconf 52' lang='lat'><em>²</em></span> 
     </span>
    </p>
   </div>
   <div class='ocr_carea' id='block_1_6' title="bbox 240 4209 1939 4632">
    <p class='ocr_par' dir='ltr' id='par_1_6' title="bbox 240 4209 1939 4632">
     <span class='ocr_line' id='line_1_24' title="bbox 240 4209 1937 4327; baseline -0.006 -21"><span class='ocrx_word' id='word_1_184' title='bbox 240 4217 342 4306; x_wconf 88' lang='lat' dir='ltr'><strong>fluv.</strong></span> <span class='ocrx_word' id='word_1_185' title='bbox 372 4215 449 4300; x_wconf 91' lang='lat' dir='ltr'><strong>sub</strong></span> <span class='ocrx_word' id='word_1_186' title='bbox 491 4216 678 4302; x_wconf 85' lang='lat' dir='ltr'><strong>Caucaso</strong></span> <span class='ocrx_word' id='word_1_187' title='bbox 716 4215 916 4298; x_wconf 87' lang='lat' dir='ltr'><strong>fluentem</strong></span> <span class='ocrx_word' id='word_1_188' title='bbox 951 4209 1175 4324; x_wconf 87' lang='lat' dir='ltr'><strong>quotannis</strong></span> <span class='ocrx_word' id='word_1_189' title='bbox 1208 4210 1380 4327; x_wconf 88' lang='lat' dir='ltr'><strong>copiose</strong></span> <span class='ocrx_word' id='word_1_190' title='bbox 1415 4214 1652 4311; x_wconf 86' lang='lat' dir='ltr'><strong>nidulatur;</strong></span> <span class='ocrx_word' id='word_1_191' title='bbox 1710 4211 1823 4296; x_wconf 90' lang='lat' dir='ltr'><strong>unde</strong></span> <span class='ocrx_word' id='word_1_192' title='bbox 1859 4239 1937 4327; x_wconf 84' lang='lat' dir='ltr'><strong>pro</strong></span> 
     </span>
     <span class='ocr_line' id='line_1_25' title="bbox 243 4355 1937 4484; baseline -0.007 -24"><span class='ocrx_word' id='word_1_193' title='bbox 243 4364 609 4483; x_wconf 86' lang='lat' dir='ltr'><strong>Ornithotrophio</strong></span> <span class='ocrx_word' id='word_1_194' title='bbox 627 4363 844 4484; x_wconf 88' lang='lat' dir='ltr'><strong>Imperieli</strong></span> <span class='ocrx_word' id='word_1_195' title='bbox 859 4359 1103 4478; x_wconf 89' lang='lat' dir='ltr'><strong>Petropolin</strong></span> <span class='ocrx_word' id='word_1_196' title='bbox 1128 4361 1244 4447; x_wconf 90' lang='lat' dir='ltr'><strong>mitti</strong></span> <span class='ocrx_word' id='word_1_197' title='bbox 1261 4363 1382 4450; x_wconf 89' lang='lat' dir='ltr'><strong>solet.</strong></span> <span class='ocrx_word' id='word_1_198' title='bbox 1422 4371 1501 4452; x_wconf 90' lang='lat' dir='ltr'><strong>Per</strong></span> <span class='ocrx_word' id='word_1_199' title='bbox 1517 4355 1724 4481; x_wconf 74' lang='lat' dir='ltr'><strong>reliquant</strong></span> <span class='ocrx_word' id='word_1_200' title='bbox 1743 4360 1937 4456; x_wconf 75' lang='lat' dir='ltr'><strong>Rosciam</strong></span> 
     </span>
     <span class='ocr_line' id='line_1_26' title="bbox 240 4511 1939 4632; baseline -0.006 -22"><span class='ocrx_word' id='word_1_201' title='bbox 240 4545 294 4610; x_wconf 88' lang='lat' dir='ltr'><strong>et</strong></span> <span class='ocrx_word' id='word_1_202' title='bbox 320 4520 521 4608; x_wconf 84' lang='lat' dir='ltr'><strong>Sibiriam</strong></span> <span class='ocrx_word' id='word_1_203' title='bbox 548 4519 678 4606; x_wconf 87' lang='lat' dir='ltr'><strong>etiam</strong></span> <span class='ocrx_word' id='word_1_204' title='bbox 706 4516 994 4607; x_wconf 84' lang='lat' dir='ltr'><strong>australiorem</strong></span> <span class='ocrx_word' id='word_1_205' title='bbox 1021 4545 1236 4632; x_wconf 88' lang='lat' dir='ltr'><strong>nunquam</strong></span> <span class='ocrx_word' id='word_1_206' title='bbox 1263 4517 1502 4619; x_wconf 83' lang='lat' dir='ltr'><strong>observata,</strong></span> <span class='ocrx_word' id='word_1_207' title='bbox 1528 4517 1632 4604; x_wconf 89' lang='lat' dir='ltr'><strong>licet</strong></span> <span class='ocrx_word' id='word_1_208' title='bbox 1658 4519 1706 4604; x_wconf 90' lang='lat' dir='ltr'><strong>in</strong></span> <span class='ocrx_word' id='word_1_209' title='bbox 1731 4511 1939 4632; x_wconf 82' lang='lat' dir='ltr'><strong>oppositis</strong></span> 
     </span>
    </p>
   </div>
   <div class='ocr_carea' id='block_1_7' title="bbox 243 4769 565 4796">
    <p class='ocr_par' dir='ltr' id='par_1_7' title="bbox 243 4769 565 4796">
     <span class='ocr_line' id='line_1_27' title="bbox 243 4769 565 4796; baseline -0.012 -6"><span class='ocrx_word' id='word_1_210' title='bbox 243 4769 565 4796; x_wconf 64' lang='grc' dir='ltr'>...ιιι-..ψ-</span> 
     </span>
    </p>
   </div>
   <div class='ocr_carea' id='block_1_8' title="bbox 300 4913 1804 5148">
    <p class='ocr_par' dir='ltr' id='par_1_8' title="bbox 300 4913 1804 5148">
     <span class='ocr_line' id='line_1_28' title="bbox 300 4913 1804 5022; baseline -0.011 -21"><span class='ocrx_word' id='word_1_211' title='bbox 300 4923 355 5022; x_wconf 78' lang='grc'><strong>(’)</strong></span> <span class='ocrx_word' id='word_1_212' title='bbox 382 4931 436 5000; x_wconf 81' lang='lat' dir='ltr'><strong>De</strong></span> <span class='ocrx_word' id='word_1_213' title='bbox 461 4923 651 4998; x_wconf 83' lang='lat' dir='ltr'><strong>condendo</strong></span> <span class='ocrx_word' id='word_1_214' title='bbox 677 4915 850 4996; x_wconf 82' lang='lat' dir='ltr'><strong>Ciconiae</strong></span> <span class='ocrx_word' id='word_1_215' title='bbox 875 4945 1006 5017; x_wconf 76' lang='lat' dir='ltr'><strong>genere</strong></span> <span class='ocrx_word' id='word_1_216' title='bbox 1031 4923 1090 5014; x_wconf 73' lang='lat' dir='ltr'><strong>egi</strong></span> <span class='ocrx_word' id='word_1_217' title='bbox 1112 4925 1150 4990; x_wconf 84' lang='lat' dir='ltr'><strong>in</strong></span> <span class='ocrx_word' id='word_1_218' title='bbox 1173 4915 1285 5020; x_wconf 73' lang='lat' dir='ltr'><strong>Spicii.</strong></span> <span class='ocrx_word' id='word_1_219' title='bbox 1311 4915 1410 5013; x_wconf 74' lang='grc' dir='ltr'><strong>Ζοοὶ.</strong></span> <span class='ocrx_word' id='word_1_220' title='bbox 1429 4923 1468 4990; x_wconf 81' lang='lat' dir='ltr'><strong>in</strong></span> <span class='ocrx_word' id='word_1_221' title='bbox 1491 4919 1607 4992; x_wconf 81' lang='lat' dir='ltr'><strong>deser.</strong></span> <span class='ocrx_word' id='word_1_222' title='bbox 1634 4913 1804 5014; x_wconf 68' lang='lat' dir='ltr'><strong>nepetae.</strong></span> 
     </span>
     <span class='ocr_line' id='line_1_29' title="bbox 1455 5070 1505 5148; baseline 0.08 -4"><span class='ocrx_word' id='word_1_223' title='bbox 1455 5070 1505 5148; x_wconf 71' lang='grc' dir='ltr'><strong>ιδ</strong></span> 
     </span>
    </p>
   </div>
   <div class='ocr_carea' id='block_1_9' title="bbox 0 0 2385 6068">
    <p class='ocr_par' dir='ltr' id='par_1_9' title="bbox 0 0 2385 6068">
     <span class='ocr_line' id='line_1_30' title="bbox 0 0 2385 6068; baseline 0 0"><span class='ocrx_word' id='word_1_224' title='bbox 0 0 2385 6068; x_wconf 95' lang='lat' dir='ltr'><strong> </strong></span> 
     </span>
    </p>
   </div>
  </div>
 </body>
</html>
