4770 6042
685 681 909 766 Emberiza
937 677 1166 778 Culandra,
1224 677 1313 758 bin.
1344 691 1450 784 syst.
1477 669 1558 758 Eri.
1587 669 1642 756 X.

686 831 910 920 Emberiza
939 829 1138 932 miliaris,
1168 831 1259 914 bin.
1287 847 1390 938 syst.
1418 825 1515 908 XII.
1544 828 1579 908 1.
1607 841 1648 938 p.
1682 831 1776 909 soe.
1804 849 1867 938 sp.
1898 835 1938 912 3.

610 1036 620 1057 ·
688 993 846 1074 Bmant
873 987 927 1071 de
955 987 1121 1084 france,
1147 981 1213 1068 dit
1243 981 1285 1068 le
1314 985 1487 1100 Proyer,
1530 975 1749 1062 D'oubeut.
1778 985 1877 1092 pict.
1907 975 1995 1064 tub.
2026 993 2120 1068 233.

688 1141 898 1228 Cornmon
926 1136 1131 1250 Bunting‚
1174 1139 1365 1220 Lesbum.
1393 1163 1488 1242 syn.
1517 1132 1594 1212 ΙΙΙ.
1623 1162 1664 1245 p.
1702 1162 1789 1238 ¹7¹·
1819 1159 1858 1212 u.
1888 1143 1927 1216 8.

577 1293 750 1382 Rossice
766 1293 957 1378 Ouiunilr
971 1287 1232 1402 xhorreorum
1247 1284 1370 1396 avis).
1400 1277 1640 1366 Malorossis
1653 1281 1903 1368 Pressuenlsu
1921 1285 2160 1404 (miliaria).

605 1453 656 1532 In
698 1445 853 1532 Sibiriu
893 1473 978 1528 non
1020 1443 1142 1526 datur
1176 1462 1220 1524 et
1247 1460 1312 1522 est
1351 1433 1617 1550 frigidiorum
1658 1431 1878 1546 regionum
1914 1435 2159 1555 impatiens,

466 1604 541 1688 sed
579 1599 627 1686 in
669 1601 844 1684 Rossiae
887 1593 1197 1680 australioribus
1237 1589 1376 1706 primo
1415 1615 1514 1674 vere
1544 1611 1588 1674 et
1627 1609 1826 1672 autumno
1867 1589 2158 1705 copiosissime

416 1733 423 1750 ⁸
467 1752 723 1868 migrantem
752 1771 796 1834 et
824 1761 922 1834 cu'm
961 1748 1180 1836 Emben'za
1207 1751 1335 1830 niuali
1363 1763 1408 1827 et
1442 1745 1657 1828 Citrinella
1686 1737 1800 1824 circa
1828 1737 1978 1827 horrea
2004 1745 2162 1860 passim

465 1903 777 2022 hybernantem
826 1899 1061 1986 observavi.
1139 1901 1356 2014 Hybernat
1414 1891 1638 2010 quotannis
1692 1897 1863 2010 copiose
1911 1893 1957 1980 in
2000 1898 2161 1988 taurica

465 2055 754 2160 Chersoneso,
808 2055 883 2140 sed
911 2083 936 2138 a
964 2051 1105 2140 subito
1132 2051 1287 2181 lrigore
1316 2046 1481 2164 saepius
1508 2067 1702 2132 enecatas
1730 2044 1892 2134 inveni.
1963 2052 2161 2140 Aestirat

467 2207 644 2326 sparsim
672 2208 719 2294 in
746 2205 1142 2322 temperatioribus;
1185 2230 1283 2289 vere
1312 2197 1612 2319 pinguissima,
1639 2229 1720 2286 uec
1747 2196 1873 2288 facile
1900 2223 2160 2320 putrescens,

466 2365 579 2454 uude
605 2359 651 2446 in
677 2359 774 2446 cibo
803 2355 1168 2446 commendabilis.

543 2572 552 2588 .
604 2515 780 2598 Descr.
849 2517 924 2596 Est
965 2539 989 2594 e
1031 2509 1227 2594 maximis
1267 2505 1530 2594 nostratium.
1600 2509 1794 2592 Rostrum
1832 2507 1993 2596 luteum
2036 2511 2159 2632 spice

467 2667 649 2766 fuscum,
677 2663 853 2749 maxilla
879 2661 1091 2780 superiore
1121 2663 1244 2749 dorso
1271 2662 1494 2778 angulata,·
1536 2682 1720 2765 arcuata,
1764 2661 1948 2748 maxime
1977 2661 2023 2750 in
2051 2665 2161 2754 seni·

465 2817 626 2920 oribus,
667 2814 889 2902 tuberculo
917 2812 1071 2932 palati,
1124 2837 1169 2900 et
1194 2845 1386 2949 conrerpr
1420 2811 1616 2926 utrinque
1646 2812 1737 2897 acie
1767 2815 2036 2902 mandibulae
2064 2847 2158 2936 pro·

466 2965 799 3058 minentissimis.
870 2967 1002 3080 Supra
1030 2989 1120 3052 tote
1148 2968 1290 3054 colore
1318 2967 1510 3050 Alaudae
1540 2995 1707 3080 grymo,
1757 2967 1956 3072 liturato;
2011 2972 2155 3058 subtus

464 3120 787 3240 pallido-elba,
843 3117 889 3204 in
916 3120 1014 3232 gule
1042 3117 1209 3234 punctis
1236 3118 1413 3234 trigonis
1454 3117 1604 3234 sparsis
1633 3141 1677 3204 et
1704 3119 1899 3235 utrinque
1928 3121 1975 3207 in
2003 3122 2157 3212 seriem

467 3270 815 3374 cohaerentibus3
845 3271 891 3358 in
903 3272 1048 3386 jugulo
1061 3269 1232 3358 lineolis
1259 3270 1653 3386 longitudinalibus.
1699 3275 1961 3390 Uropygr‘um
1987 3305 2157 3395 gryseo·

469 3425 694 3514 virescens.
762 3426 953 3538 Remiges
990 3423 1271 3539 rectricesque
1316 3425 1507 3508 obsoleto
1547 3423 1832 3538 nigrescentes
1871 3431 2058 3548 margine
2092 3429 2159 3518 in·

465 3580 711 3666 cumbentes
747 3575 867 3691 apice
895 3605 1083 3692 gryseae.
1156 3577 1304 3662 Carula
1343 3575 1578 3690 nigricans,
1633 3581 1868 3667 rectricibus
1895 3585 2155 3698 aequalibus,

465 3759 638 3850 quarum
667 3727 833 3814 mediae
861 3729 997 3816 limbo
1023 3751 1138 3831 toto,
1164 3729 1359 3814 laterales
1387 3727 1574 3844 margine
1604 3729 1736 3846 apicis
1765 3731 2008 3820 albicantes.
2076 3743 2155 3824 Pe·

465 3885 541 3970 des
570 3911 594 3968 e
621 3877 854 3968 rubicundo
883 3883 954 3966 rel
981 3883 1223 3970 flavescenti
1252 3881 1470 3986 corneoli,
1525 3882 1733 3998 unguibus
1763 3883 1902 3972 fuscis.
1987 3889 2154 3976 Pondus

344 4101 348 4111 .
461 4031 678 4123 biunciale
688 4093 702 4133 ,
730 4031 819 4119 imo
847 4063 983 4150 supra.
1040 4039 1232 4124 Mensura
1261 4038 1315 4122 ad
1345 4067 1521 4156 uropyg.
1552 4037 1613 4142 4¹2
1643 4035 1716 4144 9'‘'.
1771 4041 1929 4126 caudae
1959 4044 2018 4129 u''.
2054 4054 2152 4132 ro'''.
2243 4101 2251 4120 .

462 4183 621 4272 olerum
660 4210 935 4300 expansarum
968 4199 1050 4275 12⁹.
1079 4193 1151 4296 4'''.
1184 4189 1513 4304 compositarum
1540 4193 1600 4278 δ”.
1636 4195 1729 4276 rr'''.
1757 4188 1882 4280 rostri
1909 4195 1963 4280 sd
1989 4193 2154 4282 mendi·

448 4337 586 4438 ,bulue
616 4335 736 4426 busin
764 4337 850 4424 late
875 4343 1031 4428 nudem
1059 4347 1131 4455 7‘'‘.
1159 4339 1360 4428 tibiarum
1394 4349 1486 4428 ro“'.

744 4607 860 4682 eon.
951 4593 1452 4684 EMBERIZA
1538 4593 1862 4692 Citriuelle.

595 4805 644 4888 E.
673 4831 822 4918 gryseo
851 4801 1050 4916 fuscoque
1079 4799 1268 4908 liturata,
1324 4805 1466 4888 subtus
1494 4803 1621 4908 flava,
1660 4807 1866 4926 uropygio
1892 4809 2147 4926 ferrugineo,

454 4949 701 5041 rectricibus
728 4954 925 5074 utrinque
957 4989 995 5040 n.
1024 4983 1159 5041 cuneo
1185 4956 1282 5041 albo
1309 4953 1479 5043 notatis.
