4770 6042
1029 451 1186 506 -““““““.....’
1258 536 1264 548 .
1894 457 1952 546 2⁷

373 647 566 742 Lettonis
594 652 953 770 Kanepuputnine3
982 648 1213 736 Esthonice
1247 605 1459 741 Waesntk.

400 813 450 890 In
479 802 627 890 Rossia
656 803 899 890 australiore
928 802 1026 887 satis
1054 805 1250 918 frequens
1279 827 1362 909 est,
1401 831 1444 892 at
1471 806 1518 892 in
1544 803 1787 895 borealibus
1813 839 1950 929 perra·

258 989 310 1045 ro
339 955 543 1059 occurrit,
573 979 619 1040 et
645 954 705 1041 in
715 955 837 1042 'omni
865 954 1019 1040 Sibiria
1048 987 1263 1070 nunqnam
1294 956 1375 1040 snit
1399 961 1660 1044 observata.
1698 967 1810 1047 Vere
1840 964 1952 1052 circa

257 1111 442 1224 Volgam
471 1139 568 1194 cum
603 1095 763 1194 Sturnis
800 1112 999 1194 adventat
1027 1079 1237 1222 gregaria,
1297 1109 1474 1195 testibus
1502 1120 1588 1226 jam
1615 1115 1950 1226 turgescentibus

258 1261 417 1346 Martio
446 1291 604 1366 mares,
646 1259 852 1378 permixti
879 1258 1075 1345 foeminis
1105 1283 1148 1346 et
1173 1259 1431 1375 junioribus,
1467 1265 1543 1378 qui
1569 1268 1757 1352 nondum
1785 1298 1950 1386 sponsa

259 1413 348 1498 lem
376 1435 539 1497 vestem
567 1412 808 1500 induerunt.

399 1568 567 1652 Descr.
608 1570 800 1653 Rostnrm
833 1565 1020 1651 obtusius
1047 1597 1173 1682 quarn
1202 1567 1419 1672 Linariae‚
1471 1571 1779 1671 coerulescens,
1831 1572 1951 1687 apice

256 1722 400 1821 fusco,
451 1719 541 1805 basi
581 1719 850 1806 mandibulae
892 1717 1130 1804 flavicante.
1202 1722 1341 1836 Caput
1377 1697 1475 1806 cum
1515 1724 1681 1809 cervice
1720 1723 1950 1809 cinereum.

256 1877 388 1961 Frons
428 1871 474 1957 in
516 1905 626 1959 mare
665 1872 856 1957 obsolete
893 1869 1120 1973 miniacea;
1176 1870 1223 1956 in
1251 1871 1435 1958 maribus
1469 1873 1704 1988 junioribus
1736 1876 1952 1991 plumulae

256 2050 423 2113 tantum
449 2025 541 2112 basi
567 2028 1080 2140 fusco-purpurascentes.
1138 2024 1365 2127 Palpebrae
1392 2026 1598 2143 pallidam
1628 2028 1769 2114 areola
1797 2027 1952 2144 paroti-

256 2211 309 2268 ca
338 2202 382 2264 et
411 2181 464 2264 ad
495 2167 673 2264 rostrum
700 2175 904 2291 utrinque
926 2177 1080 2272 albida.
1128 2182 1303 2296 ,cottum
1331 2180 1474 2263 subtus
1504 2182 1667 2278 album,
1696 2179 1833 2264 lituris
1861 2181 1951 2266 lorr-

258 2329 564 2447 gitudinalibus
592 2329 784 2415 cinereis.
856 2331 1050 2444 Iugulum
1077 2329 1279 2415 miniacei
1308 2330 1481 2433 coloris,
1538 2331 1622 2416 oris
1651 2328 1951 2417 albicantibus:

255 2483 305 2570 in
345 2513 457 2568 mare
498 2481 662 2597 juniore
703 2482 829 2568 latius
872 2480 1048 2568 diffusus
1087 2483 1163 2568 sed
1204 2479 1406 2598 pallidior
1418 2517 1432 2577 ‚·
1447 2479 1687 2590 „foeminis
1726 2481 1951 2567 intensior.

257 2641 407 2725 Venter
433 2637 601 2723 sordide
632 2639 772 2741 albus,
817 2637 950 2720 latera
974 2633 1113 2720 lituris
1141 2633 1280 2720 luteis.
1360 2635 1625 2750 Uropygium
1652 2661 1802 2748 gryseo
1817 2683 1831 2696 ·
1845 2631 1950 2716 albi·

257 2793 375 2877 dum.
442 2795 621 2874 Dorsum
649 2812 696 2875 et
722 2793 839 2875 bases
869 2788 1054 2887 alarum,
1088 2786 1369 2902 rectricesque
1397 2782 1670 2872 secundariae
1698 2805 1742 2868 et
1769 2781 1949 2897 remiges

255 2943 434 3031 intimas
462 2929 650 3058 margine
678 2945 1031 3059 ferruginescunt,
1061 2937 1197 3026 limbo
1225 2939 1629 3054 grymo-albente..¹
1651 2937 1842 3048 Remiges
1866 2967 1950 3021 rec·

256 3108 455 3214 tricesque
482 3119 661 3212 utroque
690 3096 879 3211 margine
908 3093 1044 3179 albae.
1102 3093 1251 3177 cauda
1278 3090 1526 3180 subfurcata.
1588 3085 1712 3171 Pedes
1739 3085 1870 3186 fusci,
1897 3085 1950 3174 ti·

256 3251 342 3340 biis
369 3249 684 3336 lutescentibus.
755 3248 921 3334 Pondus
948 3242 1145 3330 foeminis
1176 3259 1220 3339 5}
1248 3238 1564 3342 drachmarum,
1611 3235 1794 3321 maribus
1822 3237 1951 3352 paulo

255 3403 409 3489 minus.
466 3405 659 3488 Mensura
688 3402 742 3485 ad
768 3429 887 3515 urop.
917 3389 977 3486 δ”.
1012 3405 1094 3496 ram.
1123 3396 1280 3481 caudae
1311 3403 1370 3478 2'‘.
1399 3420 1675 3507 expansarum
1704 3389 1862 3475 alarum
1888 3399 1950 3494 9'‘.

255 3556 384 3641 ulnae
414 3563 473 3642 δ”.
540 3559 781 3641 Intestinum
812 3587 856 3638 12
887 3549 1119 3668 pollicum3
1173 3579 1297 3635 coeca
1323 3549 1410 3632 duo
1436 3540 1614 3630 minima
1623 3604 1638 3644 ,
1691 3537 1946 3654 inaequalia,
2069 3669 2079 3686 .

256 3706 460 3794 distantia
488 3706 657 3826 pollicis
686 3709 738 3794 ab
768 3733 862 3791 ano.

591 3963 704 4079 195.
793 3901 1151 4050 PASSER
1245 3947 1615 4072 Papaverino.

397 4175 444 4254 P.
473 4167 613 4285 capite
652 4188 921 4270 canescente,
978 4165 1102 4251 dorso
1122 4189 1286 4278 ·gryseo
1326 4156 1517 4256 liturato,
1571 4170 1744 4270 pectore
1780 4147 1945 4265 pallido

256 4344 475 4442 punctato.

479 4479 549 4560 An
578 4472 745 4559 Linaria
764 4471 953 4589 vulgaris
982 4475 1236 4573 Auctorum,
1290 4461 1511 4578 Willugbb.
1541 4489 1625 4548 orn.
1655 4487 1697 4572 p.
1732 4456 1952 4572 190.Raj.

536 4659 601 4711 av.
638 4662 678 4744 p.
716 4663 755 4734 9.
792 4629 847 4709 Α.
889 4664 922 4711 ι.
980 4625 1134 4710 Friscb
1154 4652 1236 4706 au.
1275 4623 1310 4704 1.
1333 4639 1445 4705 sect.
1477 4632 1516 4704 3.
1543 4611 1628 4698 tab.
1658 4642 1698 4717 9.
1718 4615 1803 4723 fig.
1837 4619 1875 4693 3.
1906 4622 1947 4712 4.

535 4782 717 4864 Brisson.
748 4809 833 4864 orn.
863 4783 939 4864 ΠΙ
928 4809 1010 4894 ..ρ
1047 4789 1324 4890 131.sp··n9.
2037 4771 2046 4788 '

485 4930 841 5040 Fanellus,01in.
868 4963 932 5022 nu.
963 4964 1004 5046 p
1031 4943 1101 5038 45.
