4734 6070
978 573 1123 592 ..ι-

977 537 1126 568 ”““““
1817 544 1901 628 133

207 737 399 828 straliore
428 735 576 824 Rossia
604 735 767 824 ultimis
795 735 1044 856 plerumque
1074 737 1223 826 Martii
1250 738 1412 847 diebus,
1443 745 1613 829 Ansere
1629 742 1715 830 fere
1731 747 1905 858 tardius,

205 893 459 992 adventant,
514 895 566 978 ab
595 893 819 979 occidente
859 889 1054 1008 hyberno
1080 893 1330 1011 plerumque
1360 895 1610 1011 migrantes,
1667 898 1905 1016 pinguiculi

165 1073 170 1080 ’
206 1069 307 1131 tunc
338 1074 504 1151 omnes,
546 1047 803 1161 tumidisque
831 1054 917 1160 jam
944 1047 1122 1134 testibus
1151 1077 1311 1153 mares,
1345 1072 1401 1134 ¹et
1427 1049 1671 1166 plumagine
1699 1021 1903 1141 nitidissi-

203 1233 274 1286 ma
315 1200 459 1287 decori
472 1238 487 1299 ;
544 1205 619 1288 sed
661 1202 802 1285 adulta
843 1231 941 1286 vere
976 1200 1024 1286 in
1058 1201 1190 1318 magis
1229 1202 1421 1290 boreales
1463 1202 1565 1318 situs
1593 1203 1901 1322 disperguntur.

203 1359 433 1440 Pascuntur
466 1379 568 1440 tunc
606 1355 652 1440 in
682 1354 789 1470 agris
818 1375 862 1439 et
887 1355 1017 1469 pratis
1045 1355 1180 1440 erucis
1210 1354 1338 1443 variis
1365 1356 1541 1470 glabris,
1595 1379 1721 1474 atque
1747 1358 1901 1446 vermi·

202 1509 324 1596 culis.
397 1511 491 1596 Ova
520 1508 651 1596 etiam
680 1510 791 1625 apud
818 1537 894 1594 nos
922 1507 1202 1624 colliguntur,
1251 1508 1491 1611 notissima,
1539 1533 1588 1598 ut
1614 1509 1900 1630 descriptione

203 1695 289 1752 non
317 1661 552 1778 indigeant.
618 1731 620 1738 .

344 1819 388 1901 N
394 1837 459 1903 ot.
490 1814 759 1902 Ventriculus
788 1815 1002 1932 superiore
1029 1838 1148 1933 parte
1176 1815 1387 1920 triturans,
1416 1815 1618 1906 inferiore
1647 1848 1770 1905 sacco
1796 1847 1897 1936 pan-

201 1969 428 2058 niculosos.
484 1971 696 2085 Pingnedo
724 1969 976 2056 mollissima
1001 1973 1121 2056 flava.
1179 1974 1322 2086 Cystis
1349 1970 1396 2056 in
1417 1971 1574 2090 hepate
1602 1973 1752 2060 bilobo
1766 1970 1895 2056 nulla.

200 2127 441 2212 Inte-atinum
469 2125 556 2212 23''.
614 2126 792 2210 Coccum
819 2121 1009 2226 unicum,
1038 2125 1258 2228 adnutum,
1290 2129 1374 2219 alm.
1402 2125 1693 2239 longitudine,
1730 2126 1811 2210 ro'‘.
1844 2123 1897 2210 ab

202 2306 297 2364 ano.
330 2327 380 2345 -
438 2275 597 2363 Cristae
623 2305 788 2392 pennae
817 2276 1018 2380 lineares,
1048 2307 1223 2391 quarum
1250 2276 1296 2366 in
1325 2276 1510 2364 maribus
1539 2309 1664 2394 saepe
1694 2279 1802 2363 duae
1832 2285 1894 2365 δ”.

199 2428 433 2546 longiores,
462 2428 682 2548 proximae
710 2427 836 2515 binae
863 2429 992 2544 paulo
1019 2427 1251 2535 breviores,
1281 2427 1471 2545 reliquae
1498 2429 1648 2518 exiles.

272 2679 388 2774 256.
473 2677 1034 2774 cuaaaourus
1105 2681 1418 2796 gregarius.
1494 2680 1626 2776 aaa.
1700 2679 1820 2770 aar.
1891 2655 1895 2662 ’

338 2891 388 2978 C.
425 2889 806 3006 subterradacylus,
850 2883 1010 2973 vertice
1049 2887 1170 3003 nigro
1211 2887 1341 2975 fascia
1376 2887 1473 2974 alba
1508 2884 1674 2996 cincto,
1718 2908 1892 3005 pectore

196 3043 440 3160 ferrugineo
468 3044 688 3160 nigroque.

419 3196 674 3288 Charadrius
709 3194 943 3312 gregarius,
999 3195 1107 3282 Poll.
1144 3203 1234 3282 iria
1271 3199 1306 3282 Ι.
1341 3197 1517 3312 append.
1557 3229 1597 3311 p.
1637 3209 1730 3283 206.
1769 3227 1813 3281 n.
1849 3231 1893 3306 9.

468 3355 659 3436 Lartem.
702 3383 768 3438 av.
797 3353 848 3438 V.
877 3383 919 3466 p.
965 3363 1058 3437 206.
1099 3381 1138 3436 ra
1186 3387 1248 3436 ιι.
1305 3350 1477 3438 Gmelr'n.
1506 3369 1612 3464 syst.
1639 3351 1731 3438 Lan.
1760 3353 1823 3436 Π..
1844 3381 1889 3466 p.

471 3517 567 3611 664.
596 3533 658 3622 sp.
689 3517 729 3590 8.

414 3661 585 3772 Trynga
612 3657 805 3761 fasciata,
835 3657 965 3742 Gmel.
987 3661 1074 3776 jun.
1104 3663 1193 3741 itin.
1221 3659 1277 3741 Π.
1307 3690 1348 3773 p.
1385 3673 1474 3764 194.
1504 3659 1588 3746 tab.
1624 3675 1690 3748 26.
1877 3757 1883 3764 ⁸

411 3813 581 3928 Trynga
608 3807 903 3926 Keptuschlsa,
932 3813 1103 3926 Lepech.
1133 3818 1221 3896 itin.
1251 3813 1307 3895 Η.
1335 3842 1377 3927 p.
1413 3843 1508 3921 229.
1537 3815 1666 3900 Gmal.
1695 3828 1802 3922 syst.
1829 3813 1889 3897 11.

472 3998 512 4080 p·
545 3977 639 4073 673.

304 4115 447 4205 Rossis
476 4117 528 4202 ad
569 4117 752 4234 Volgam
794 4120 948 4238 Dilsaja
986 4117 1179 4230 Pigoliza
1219 4117 1349 4230 (ferus
1376 4119 1446 4203 vel
1475 4114 1636 4235 spurius
1664 4115 1887 4228 Venellus)

360 4259 433 4357 v'el
459 4239 618 4383 Pysliilr
632 4307 647 4367 ;
692 4273 744 4355 ad
770 4278 932 4357 Ja'r‘cum
961 4273 1130 4386 Stepnoi
1159 4275 1280 4357 dalila
1309 4271 1468 4373 (Gralla
1495 4267 1790 4387 campestris),
1834 4269 1888 4355 ad
1993 4271 1996 4278 ’

360 4429 522 4508 Tana‘r'n
551 4446 596 4508 et
623 4422 846 4510 australem
872 4423 1054 4537 Volgam
1082 4425 1229 4510 Konlsa
1256 4423 1498 4538 (Equulus).

306 4573 570 4676 Calnmccis,
600 4608 625 4662 a
651 4605 775 4682 voce,
811 4577 1045 4662 Tartumet,

334 4727 517 4846 Copiosa
558 4716 649 4816 avis
684 4727 731 4814 in
771 4725 946 4814 desertis
990 4723 1145 4845 apricis
1188 4727 1459 4835 australibus,
1517 4760 1542 4815 a
1578 4714 1713 4816 Tanai·
1740 4729 1780 4814 fl.
1812 4759 1889 4846 per

189 4911 363 4978 omnem
391 4881 605 4967 Tatariam
634 4912 851 4997 magnam,
880 4909 1011 4995 usque
1042 4882 1094 4967 ad
1123 4879 1229 4965 Irtin
1257 4880 1532 4996 Alta'r'cosque
1559 4903 1725 4969 montes
1752 4880 1889 4969 conti·

186 5034 308 5148 nuis,
356 5032 497 5123 aridis.
556 5040 606 5122 In
633 5033 890 5124 borealiores
918 5032 1020 5122 situs
1047 5063 1132 5128 non
1159 5031 1297 5136 venit,
1339 5053 1384 5120 et
1410 5030 1457 5119 in
1484 5033 1685 5123 ulteriore
1713 5031 1891 5144 Sibiria,

783 5223 799 5276 r
