4778 6044
501 485 587 589 362

714 710 825 796 Alea
850 705 1004 811 minor,
1049 709 1229 792 Brtsson.
1258 707 1357 792 Orn.
1388 708 1458 796 Vr.
1487 739 1528 824 p.
1558 741 1626 814 92.
1655 708 1741 794 tab.
1770 717 1809 793 8.
1829 709 1917 820 fig.
1948 739 1987 794 a.

717 861 827 946 Alca
851 859 1102 962 unisulcata,
1140 862 1357 944 Brir'nnlch.
1388 859 1487 944 om.
1517 893 1557 945 n.
1592 894 1681 947 ron.

717 1011 985 1098 Blackbilled
1014 1013 1133 1115 Auk,
1176 1013 1299 1097 Penn.
1328 1012 1447 1098 Zool.
1477 1015 1581 1098 Brit.
1612 1047 1653 1129 p.
1687 1028 1776 1124 137.
1804 1045 1866 1126 sp.
1895 1029 1937 1118 4.
1965 1012 2049 1097 tub.
2076 1013 2122 1094 Η
2139 1048 2172 1097 ι.

775 1166 895 1249 Zool.
925 1184 1026 1249 arct.
1054 1167 1110 1248 ΙΙ.
1140 1195 1180 1277 ρ.
1209 1177 1304 1248 510.
1334 1196 1373 1247 n.
1401 1178 1496 1270 426.
1525 1169 1714 1251 Laetam.
1744 1196 1809 1250 ou.
1834 1167 1885 1249 V.
1915 1197 1956 1278 p.
1973 1179 2066 1252 320.
2081 1195 2120 1251 n.
2138 1179 2182 1253 6.

635 1321 686 1400 In
713 1316 820 1401 mari
847 1319 977 1401 boreo
1007 1314 1143 1400 minus
1172 1315 1366 1429 frequens
1393 1321 1685 1429 praecedente,
1715 1316 1826 1400 unde
1853 1315 2018 1400 Tordae
2046 1317 2181 1401 varie-

496 1490 560 1554 tas
588 1467 847 1554 minorennis
876 1497 966 1552 esse
995 1465 1166 1582 nequit,
1196 1465 1301 1552 licet
1328 1465 1413 1553 hoc
1443 1469 1621 1554 affirmet
1647 1472 1865 1556 Lathom
1890 1475 1920 1554 l.
1948 1497 1986 1552 c.
2040 1464 2181 1556 Etiam

498 1647 523 1704 e
552 1621 659 1706 mari
686 1619 884 1706 orientali
912 1620 1050 1704 adlata
1079 1639 1156 1701 est.

633 1777 677 1858 N
684 1793 748 1860 ot.
790 1773 956 1856 Tordae
999 1768 1144 1882 utique
1185 1767 1357 1873 similis,
1399 1794 1446 1856 ut
1495 1804 1622 1858 ovum
1662 1806 1767 1874 ovo,
1809 1775 1886 1859 sed
1923 1801 2008 1857 non
2047 1772 2184 1858 solum

496 1927 610 2011 mole
653 1924 809 2027 minor,
850 1925 925 2008 sed
964 1919 1211 2036 praesertim
1251 1923 1396 2006 dissert
1423 1947 1579 2031 rostra,
1650 1926 1976 2013 circumcaesura
2007 1924 2183 2038 quidem

494 2074 648 2175 simili,
695 2077 770 2160 sed
797 2075 927 2191 duplo
956 2072 1118 2158 minore
1146 2095 1191 2156 et
1217 2073 1511 2187 integerrimo,
1571 2077 1645 2162 vix
1673 2077 1780 2164 sulci
1808 2075 1987 2190 vestigio
2014 2073 2180 2190 conspi-

494 2257 590 2316 cuo.
660 2229 797 2343 Caput
823 2225 954 2312 etiam
980 2226 1118 2312 minus
1146 2255 1344 2340 grossum.
1414 2230 1545 2342 Supra
1572 2251 1771 2334 rostrum,
1815 2227 1862 2312 in
1890 2229 2025 2312 fronte
2053 2225 2184 2312 etiam

494 2377 566 2466 his
606 2378 766 2466 lineola
809 2377 1006 2494 utrinque
1049 2381 1164 2483 alba,
1210 2377 1402 2494 obliqua,
1446 2382 1520 2464 sed
1561 2383 1614 2464 ad
1654 2378 1812 2466 orbitas
1846 2409 1931 2464 non
1967 2379 2182 2494 perducta.

494 2530 667 2616 Albedo
717 2527 930 2618 cervicem
982 2559 1186 2618 summam
1236 2529 1561 2648 semiamplexa,
1625 2561 1790 2650 prorsus
1838 2553 1886 2618 ut
1933 2529 1981 2616 in
2027 2529 2184 2618 Tarda.

494 2687 661 2770 Vexata
687 2683 865 2800 specics.

911 2971 1015 3076 414
1097 2901 1318 3050 ALCA
1391 2943 1767 3050 monocerote.

632 3147 688 3228 A·
717 3169 847 3228 cornu
875 3171 1114 3257 compresso
1143 3141 1265 3227 rostri
1292 3175 1414 3261 supra
1440 3175 1574 3232 nares.

633 3293 758 3382 Circa
799 3293 1132 3408 promontorium
1172 3296 1212 3376 S.
1255 3295 1375 3380 Eliae
1411 3294 1642 3383 Amerinus
1677 3318 1722 3381 et
1757 3297 1810 3384 ad
1845 3293 1989 3382 littora
2015 3289 2181 3378 insulae

493 3445 681 3552 radiat,
723 3477 748 3529 a
788 3443 932 3530 Russis
970 3469 1200 3562 occupatae
1229 3447 1358 3534 rarius
1386 3452 1649 3536 observatam
1678 3447 2007 3536 communicavit
2036 3449 2093 3532 D.
2123 3445 2186 3530 D.

491 3601 640 3684 Merlr.

631 3753 805 3837 Deser.
859 3749 1107 3864 Magnitudo
1157 3752 1285 3868 paulo
1334 3751 1443 3840 infra
1487 3757 1679 3842 Lundam
1720 3763 1931 3842 arcticum.
2016 3747 2192 3866 Capitis

492 3903 701 4018 rostrique
743 3901 1038 4020 proportiones
1078 3907 1166 3990 fere
1202 3905 1321 3991 utin
1349 3913 1403 3990 A.
1432 3909 1559 3992 Pica.
1605 3913 1798 3996 Rostrum
1824 3906 1976 3992 itidem
2004 3901 2195 3988 corvino

491 4056 657 4158 simile,
689 4054 811 4140 valde
840 4085 1144 4170 compressum,
1170 4067 1348 4144 maxilla
1374 4069 1576 4174 superiore
1604 4059 1863 4173 nigricante,
1890 4084 2031 4140 versus
2058 4051 2196 4137 basin

494 4209 692 4324 utrinque
722 4209 798 4292 sub
825 4207 994 4292 naribus
1024 4207 1165 4294 carina
1192 4210 1513 4323 longitudinali‚
1552 4212 1750 4326 sulcoque
1777 4213 1851 4296 sub
1878 4208 2043 4306 carina3
2085 4210 2197 4316 infe·

493 4369 577 4444 rior
605 4355 780 4442 maxilla
808 4357 943 4457 luten,
983 4359 1126 4444 carina
1152 4361 1437 4476 subaugulata.
1493 4365 1627 4448 Nares
1658 4359 2007 4476 longitudinalea‚
2048 4357 2197 4444 linea·

493 4539 584 4594 res:
627 4541 720 4594 cera
748 4511 936 4595 obsoleta
964 4533 1009 4594 et
1038 4541 1094 4594 ex
1122 4509 1214 4627 ipsa
1257 4545 1373 4617 cera,
1422 4545 1544 4630 supra
1571 4545 1708 4614 nares,
1763 4516 1816 4598 ad
1842 4514 2026 4618 frontem
2053 4541 2200 4596 cornu

495 4691 800 4777 compressum,
841 4659 1056 4766 conicum,
1102 4693 1286 4764 osseum,
1325 4667 1505 4770 fuscum,
1552 4667 1751 4753 lateribus
1791 4664 2017 4780 pallidum,
2057 4669 2201 4770 cujus

495 4841 604 4927 apex
646 4809 965 4898 obtusiusculus.
1032 4815 1164 4900 laidas
1203 4814 1555 4904 ochran-flavae.
1624 4819 1730 4904 Avis
1768 4847 1891 4932 supra
1924 4837 2014 4900 tota
2043 4813 2198 4926 nigra,

493 4963 579 5050 oris
605 4961 845 5080 plumarum
873 4965 1093 5072 exsoletis,
1135 4969 1296 5056 subtus:
1331 4979 1438 5088 gala
1455 4973 1658 5092 cinerea,
1700 4975 1864 5067 collum,
1888 5026 1894 5036 -
1901 4966 2198 5081 jugulumque
