<?xml version="1.0" encoding="UTF-8"?>
<!DOCTYPE html PUBLIC "-//W3C//DTD XHTML 1.0 Transitional//EN"
    "http://www.w3.org/TR/xhtml1/DTD/xhtml1-transitional.dtd">
<html xmlns="http://www.w3.org/1999/xhtml" xml:lang="en" lang="en">
 <head>
  <title>
</title>
<meta http-equiv="Content-Type" content="text/html;charset=utf-8" />
  <meta name='ocr-system' content='tesseract 3.04.00' />
  <meta name='ocr-capabilities' content='ocr_page ocr_carea ocr_par ocr_line ocrx_word'/>
</head>
<body>
  <div class='ocr_page' id='page_1' title='image "./zoographiarosso02pallgoog_0131.png"; bbox 0 0 4734 6070; ppageno 0'>
   <div class='ocr_carea' id='block_1_1' title="bbox 499 479 1415 574">
    <p class='ocr_par' dir='ltr' id='par_1_1' title="bbox 499 479 1415 574">
     <span class='ocr_line' id='line_1_1' title="bbox 499 479 1415 574; baseline -0.003 -26"><span class='ocrx_word' id='word_1_1' title='bbox 499 484 586 574; x_wconf 68' lang='lat'>10¹4</span> <span class='ocrx_word' id='word_1_2' title='bbox 1264 479 1415 534; x_wconf 77' lang='lat'><strong>==</strong></span> 
     </span>
    </p>
   </div>
   <div class='ocr_carea' id='block_1_2' title="bbox 492 679 2176 2328">
    <p class='ocr_par' dir='ltr' id='par_1_2' title="bbox 603 679 1940 1106">
     <span class='ocr_line' id='line_1_2' title="bbox 606 679 1940 800; baseline -0.009 -23"><span class='ocrx_word' id='word_1_3' title='bbox 606 683 844 778; x_wconf 89' lang='lat' dir='ltr'><strong>Culmnccis</strong></span> <span class='ocrx_word' id='word_1_4' title='bbox 871 685 1012 783; x_wconf 82' lang='lat' dir='ltr'><strong>Zenn3</strong></span> <span class='ocrx_word' id='word_1_5' title='bbox 1037 681 1228 772; x_wconf 86' lang='lat' dir='ltr'><strong>Buraetis</strong></span> <span class='ocrx_word' id='word_1_6' title='bbox 1256 684 1432 798; x_wconf 76' lang='lat' dir='ltr'><strong>Zug&#39;un·</strong></span> <span class='ocrx_word' id='word_1_7' title='bbox 1451 683 1635 800; x_wconf 82' lang='lat' dir='ltr'><strong>Toegerr&#39;l</strong></span> <span class='ocrx_word' id='word_1_8' title='bbox 1664 681 1775 784; x_wconf 86' lang='lat' dir='ltr'><strong>(alba</strong></span> <span class='ocrx_word' id='word_1_9' title='bbox 1802 679 1940 794; x_wconf 87' lang='lat' dir='ltr'><strong>Grus).</strong></span> 
     </span>
     <span class='ocr_line' id='line_1_3' title="bbox 603 837 1774 956; baseline -0.002 -30"><span class='ocrx_word' id='word_1_10' title='bbox 603 839 813 956; x_wconf 84' lang='lat' dir='ltr'><strong>Tungusis</strong></span> <span class='ocrx_word' id='word_1_11' title='bbox 842 841 895 926; x_wconf 85' lang='lat' dir='ltr'><strong>ad</strong></span> <span class='ocrx_word' id='word_1_12' title='bbox 923 837 1187 952; x_wconf 88' lang='lat' dir='ltr'><strong>Chatangam</strong></span> <span class='ocrx_word' id='word_1_13' title='bbox 1214 841 1380 940; x_wconf 77' lang='lat' dir='ltr'><strong>Gashb3</strong></span> <span class='ocrx_word' id='word_1_14' title='bbox 1409 837 1596 924; x_wconf 81' lang='lat' dir='ltr'><strong>Lamotis</strong></span> <span class='ocrx_word' id='word_1_15' title='bbox 1624 840 1774 924; x_wconf 72' lang='lat' dir='ltr'><strong>Kidolt.</strong></span> 
     </span>
     <span class='ocr_line' id='line_1_4' title="bbox 606 990 1799 1106; baseline -0.004 -27"><span class='ocrx_word' id='word_1_16' title='bbox 606 992 840 1100; x_wconf 85' lang='lat' dir='ltr'><strong>Samojedis</strong></span> <span class='ocrx_word' id='word_1_17' title='bbox 866 995 1031 1079; x_wconf 79' lang='grc' dir='ltr'><strong><em>Νέηαί-</em></strong></span> <span class='ocrx_word' id='word_1_18' title='bbox 1047 994 1203 1088; x_wconf 81' lang='lat' dir='ltr'><strong>charb3</strong></span> <span class='ocrx_word' id='word_1_19' title='bbox 1232 990 1421 1078; x_wconf 82' lang='lat' dir='ltr'><strong>Coibalia</strong></span> <span class='ocrx_word' id='word_1_20' title='bbox 1453 995 1751 1106; x_wconf 78' lang='lat' dir='ltr'><strong>Chusgolusch.</strong></span> <span class='ocrx_word' id='word_1_21' title='bbox 1791 1031 1799 1046; x_wconf 95' lang='lat'><strong>·</strong></span> 
     </span>
    </p>

    <p class='ocr_par' dir='ltr' id='par_1_3' title="bbox 492 1143 2176 2328">
     <span class='ocr_line' id='line_1_5' title="bbox 631 1143 2165 1260; baseline 0 -30"><span class='ocrx_word' id='word_1_22' title='bbox 631 1151 682 1230; x_wconf 92' lang='lat' dir='ltr'><strong>In</strong></span> <span class='ocrx_word' id='word_1_23' title='bbox 711 1145 957 1232; x_wconf 79' lang='lat' dir='ltr'><strong>australibus</strong></span> <span class='ocrx_word' id='word_1_24' title='bbox 985 1143 1097 1230; x_wconf 88' lang='lat' dir='ltr'><strong>circa</strong></span> <span class='ocrx_word' id='word_1_25' title='bbox 1125 1146 1308 1259; x_wconf 87' lang='lat' dir='ltr'><strong>Volgam</strong></span> <span class='ocrx_word' id='word_1_26' title='bbox 1335 1165 1379 1228; x_wconf 85' lang='lat' dir='ltr'><strong>et</strong></span> <span class='ocrx_word' id='word_1_27' title='bbox 1404 1175 1520 1231; x_wconf 88' lang='lat' dir='ltr'><strong>mare</strong></span> <span class='ocrx_word' id='word_1_28' title='bbox 1548 1144 1737 1259; x_wconf 87' lang='lat' dir='ltr'><strong>caspium</strong></span> <span class='ocrx_word' id='word_1_29' title='bbox 1777 1170 1877 1226; x_wconf 86' lang='lat' dir='ltr'><strong>vere</strong></span> <span class='ocrx_word' id='word_1_30' title='bbox 1911 1163 2070 1228; x_wconf 90' lang='lat' dir='ltr'><strong>tantum</strong></span> <span class='ocrx_word' id='word_1_31' title='bbox 2095 1171 2165 1260; x_wconf 90' lang='lat' dir='ltr'><strong>per</strong></span> 
     </span>
     <span class='ocr_line' id='line_1_6' title="bbox 492 1294 2167 1416; baseline -0.001 -32"><span class='ocrx_word' id='word_1_32' title='bbox 492 1297 611 1416; x_wconf 89' lang='lat' dir='ltr'><strong>paria</strong></span> <span class='ocrx_word' id='word_1_33' title='bbox 638 1299 850 1384; x_wconf 85' lang='lat' dir='ltr'><strong>transvola</strong></span> <span class='ocrx_word' id='word_1_34' title='bbox 878 1301 1144 1402; x_wconf 84' lang='lat' dir='ltr'><strong>observatur,</strong></span> <span class='ocrx_word' id='word_1_35' title='bbox 1188 1321 1232 1383; x_wconf 90' lang='lat' dir='ltr'><strong>et</strong></span> <span class='ocrx_word' id='word_1_36' title='bbox 1272 1297 1360 1384; x_wconf 89' lang='lat' dir='ltr'><strong>cito</strong></span> <span class='ocrx_word' id='word_1_37' title='bbox 1386 1297 1433 1382; x_wconf 93' lang='lat' dir='ltr'><strong>in</strong></span> <span class='ocrx_word' id='word_1_38' title='bbox 1466 1297 1702 1384; x_wconf 86' lang='lat' dir='ltr'><strong>borealiora</strong></span> <span class='ocrx_word' id='word_1_39' title='bbox 1741 1294 1906 1408; x_wconf 81' lang='lat' dir='ltr'><strong>migrat.</strong></span> <span class='ocrx_word' id='word_1_40' title='bbox 1977 1297 2167 1382; x_wconf 82' lang='lat' dir='ltr'><strong>Abundat</strong></span> 
     </span>
     <span class='ocr_line' id='line_1_7' title="bbox 492 1444 2168 1572; baseline -0.004 -33"><span class='ocrx_word' id='word_1_41' title='bbox 492 1452 741 1572; x_wconf 89' lang='lat' dir='ltr'><strong>praesertim</strong></span> <span class='ocrx_word' id='word_1_42' title='bbox 768 1451 815 1537; x_wconf 93' lang='lat' dir='ltr'><strong>in</strong></span> <span class='ocrx_word' id='word_1_43' title='bbox 842 1451 1067 1569; x_wconf 88' lang='lat' dir='ltr'><strong>paludibus</strong></span> <span class='ocrx_word' id='word_1_44' title='bbox 1106 1473 1152 1535; x_wconf 89' lang='lat' dir='ltr'><strong>et</strong></span> <span class='ocrx_word' id='word_1_45' title='bbox 1191 1449 1451 1540; x_wconf 88' lang='lat' dir='ltr'><strong>arundinetis</strong></span> <span class='ocrx_word' id='word_1_46' title='bbox 1490 1477 1732 1566; x_wconf 90' lang='lat' dir='ltr'><strong>camporum</strong></span> <span class='ocrx_word' id='word_1_47' title='bbox 1761 1444 2082 1534; x_wconf 86' lang='lat' dir='ltr'><strong>Ischimensium</strong></span> <span class='ocrx_word' id='word_1_48' title='bbox 2114 1471 2168 1534; x_wconf 86' lang='lat' dir='ltr'><strong>at·</strong></span> 
     </span>
     <span class='ocr_line' id='line_1_8' title="bbox 494 1599 2167 1722; baseline -0.004 -32"><span class='ocrx_word' id='word_1_49' title='bbox 494 1635 578 1722; x_wconf 90' lang='lat' dir='ltr'><strong>que</strong></span> <span class='ocrx_word' id='word_1_50' title='bbox 607 1603 935 1704; x_wconf 82' lang='lat' dir='ltr'><strong>Barabenaium3</strong></span> <span class='ocrx_word' id='word_1_51' title='bbox 975 1634 1052 1720; x_wconf 92' lang='lat' dir='ltr'><strong>per</strong></span> <span class='ocrx_word' id='word_1_52' title='bbox 1092 1602 1298 1718; x_wconf 87' lang='lat' dir='ltr'><strong>reliquam</strong></span> <span class='ocrx_word' id='word_1_53' title='bbox 1338 1602 1537 1688; x_wconf 87' lang='lat' dir='ltr'><strong>Sibiriam</strong></span> <span class='ocrx_word' id='word_1_54' title='bbox 1579 1600 1697 1688; x_wconf 87' lang='lat' dir='ltr'><strong>etin</strong></span> <span class='ocrx_word' id='word_1_55' title='bbox 1724 1599 1909 1685; x_wconf 84' lang='lat' dir='ltr'><strong>maxime</strong></span> <span class='ocrx_word' id='word_1_56' title='bbox 1937 1601 2167 1686; x_wconf 80' lang='lat' dir='ltr'><strong>borealibus</strong></span> 
     </span>
     <span class='ocr_line' id='line_1_9' title="bbox 492 1755 2168 1870; baseline -0.004 -26"><span class='ocrx_word' id='word_1_57' title='bbox 492 1757 627 1844; x_wconf 88' lang='lat' dir='ltr'><strong>rarior</strong></span> <span class='ocrx_word' id='word_1_58' title='bbox 654 1755 757 1842; x_wconf 87' lang='lat' dir='ltr'><strong>avis.</strong></span> <span class='ocrx_word' id='word_1_59' title='bbox 823 1761 967 1870; x_wconf 86' lang='lat' dir='ltr'><strong>Usque</strong></span> <span class='ocrx_word' id='word_1_60' title='bbox 995 1758 1049 1841; x_wconf 87' lang='lat' dir='ltr'><strong>ad</strong></span> <span class='ocrx_word' id='word_1_61' title='bbox 1076 1755 1211 1842; x_wconf 87' lang='lat' dir='ltr'><strong>sinum</strong></span> <span class='ocrx_word' id='word_1_62' title='bbox 1239 1758 1457 1842; x_wconf 88' lang='lat' dir='ltr'><strong>Obensem</strong></span> <span class='ocrx_word' id='word_1_63' title='bbox 1484 1780 1626 1841; x_wconf 84' lang='lat' dir='ltr'><strong>tamen</strong></span> <span class='ocrx_word' id='word_1_64' title='bbox 1656 1757 1876 1840; x_wconf 89' lang='lat' dir='ltr'><strong>observata</strong></span> <span class='ocrx_word' id='word_1_65' title='bbox 1916 1775 2008 1856; x_wconf 84' lang='lat' dir='ltr'><strong>ast,</strong></span> <span class='ocrx_word' id='word_1_66' title='bbox 2048 1781 2168 1868; x_wconf 88' lang='lat' dir='ltr'><strong>quum</strong></span> 
     </span>
     <span class='ocr_line' id='line_1_10' title="bbox 493 1903 2168 2024; baseline -0.002 -30"><span class='ocrx_word' id='word_1_67' title='bbox 493 1909 687 2024; x_wconf 82' lang='lat' dir='ltr'><strong>vulgares</strong></span> <span class='ocrx_word' id='word_1_68' title='bbox 714 1913 846 1993; x_wconf 89' lang='lat' dir='ltr'><strong>Grues</strong></span> <span class='ocrx_word' id='word_1_69' title='bbox 871 1931 1038 1994; x_wconf 85' lang='lat' dir='ltr'><strong>tantum</strong></span> <span class='ocrx_word' id='word_1_70' title='bbox 1070 1911 1122 1992; x_wconf 89' lang='lat' dir='ltr'><strong>ad</strong></span> <span class='ocrx_word' id='word_1_71' title='bbox 1135 1903 1405 1994; x_wconf 87' lang='lat' dir='ltr'><strong>Obdoriense</strong></span> <span class='ocrx_word' id='word_1_72' title='bbox 1433 1905 1742 1992; x_wconf 85' lang='lat' dir='ltr'><strong>munimentum</strong></span> <span class='ocrx_word' id='word_1_73' title='bbox 1768 1936 1899 2022; x_wconf 91' lang='lat' dir='ltr'><strong>usque</strong></span> <span class='ocrx_word' id='word_1_74' title='bbox 1914 1903 2168 2022; x_wconf 89' lang='lat' dir='ltr'><strong>perveniant.</strong></span> 
     </span>
     <span class='ocr_line' id='line_1_11' title="bbox 492 2056 2176 2174; baseline -0.005 -27"><span class='ocrx_word' id='word_1_75' title='bbox 492 2061 636 2147; x_wconf 89' lang='lat' dir='ltr'><strong>Etiam</strong></span> <span class='ocrx_word' id='word_1_76' title='bbox 663 2063 717 2146; x_wconf 88' lang='lat' dir='ltr'><strong>ad</strong></span> <span class='ocrx_word' id='word_1_77' title='bbox 744 2067 901 2146; x_wconf 82' lang='lat' dir='ltr'><strong>Lenem</strong></span> <span class='ocrx_word' id='word_1_78' title='bbox 930 2083 973 2146; x_wconf 87' lang='lat' dir='ltr'><strong>et</strong></span> <span class='ocrx_word' id='word_1_79' title='bbox 999 2061 1234 2146; x_wconf 82' lang='lat' dir='ltr'><strong>transvolas</strong></span> <span class='ocrx_word' id='word_1_80' title='bbox 1262 2059 1309 2143; x_wconf 93' lang='lat' dir='ltr'><strong>in</strong></span> <span class='ocrx_word' id='word_1_81' title='bbox 1335 2056 1492 2144; x_wconf 90' lang='lat' dir='ltr'><strong>Dauria</strong></span> <span class='ocrx_word' id='word_1_82' title='bbox 1519 2063 1792 2145; x_wconf 88' lang='lat' dir='ltr'><strong>observantur</strong></span> <span class='ocrx_word' id='word_1_83' title='bbox 1808 2058 1998 2174; x_wconf 88' lang='lat' dir='ltr'><strong>sparsim.</strong></span> <span class='ocrx_word' id='word_1_84' title='bbox 2057 2059 2176 2146; x_wconf 73' lang='lat' dir='ltr'><strong>Vtra.</strong></span> 
     </span>
     <span class='ocr_line' id='line_1_12' title="bbox 493 2207 2173 2328; baseline -0.005 -28"><span class='ocrx_word' id='word_1_85' title='bbox 493 2209 747 2311; x_wconf 70' lang='lat' dir='ltr'><strong>tractauit,</strong></span> <span class='ocrx_word' id='word_1_86' title='bbox 774 2213 943 2298; x_wconf 88' lang='lat' dir='ltr'><strong>lacertis</strong></span> <span class='ocrx_word' id='word_1_87' title='bbox 970 2235 1014 2296; x_wconf 89' lang='lat' dir='ltr'><strong>et</strong></span> <span class='ocrx_word' id='word_1_88' title='bbox 1041 2213 1226 2298; x_wconf 82' lang='lat' dir='ltr'><strong>maxime</strong></span> <span class='ocrx_word' id='word_1_89' title='bbox 1254 2211 1485 2328; x_wconf 87' lang='lat' dir='ltr'><strong>pisciculis.</strong></span> <span class='ocrx_word' id='word_1_90' title='bbox 1553 2213 1689 2297; x_wconf 79' lang='lat' dir='ltr'><strong>Nidus</strong></span> <span class='ocrx_word' id='word_1_91' title='bbox 1727 2209 1839 2295; x_wconf 84' lang='lat' dir='ltr'><strong>inter</strong></span> <span class='ocrx_word' id='word_1_92' title='bbox 1865 2207 2093 2296; x_wconf 88' lang='lat' dir='ltr'><strong>arundines</strong></span> <span class='ocrx_word' id='word_1_93' title='bbox 2116 2207 2173 2293; x_wconf 90' lang='lat' dir='ltr'><strong>in·</strong></span> 
     </span>
    </p>
   </div>
   <div class='ocr_carea' id='block_1_3' title="bbox 494 2343 2174 2481">
    <p class='ocr_par' dir='ltr' id='par_1_4' title="bbox 494 2343 2174 2481">
     <span class='ocr_line' id='line_1_13' title="bbox 494 2343 2174 2481; baseline -0.002 -31"><span class='ocrx_word' id='word_1_94' title='bbox 494 2393 706 2464; x_wconf 87' lang='lat' dir='ltr'><strong>accessas,</strong></span> <span class='ocrx_word' id='word_1_95' title='bbox 746 2395 870 2481; x_wconf 83' lang='lat' dir='ltr'><strong>supra</strong></span> <span class='ocrx_word' id='word_1_96' title='bbox 909 2343 1117 2450; x_wconf 88' lang='lat' dir='ltr'><strong>tumulum</strong></span> <span class='ocrx_word' id='word_1_97' title='bbox 1160 2364 1441 2481; x_wconf 86' lang='lat' dir='ltr'><strong>caespitosum</strong></span> <span class='ocrx_word' id='word_1_98' title='bbox 1479 2363 1726 2467; x_wconf 82' lang='lat' dir='ltr'><strong>elatiorem,</strong></span> <span class='ocrx_word' id='word_1_99' title='bbox 1777 2361 1923 2449; x_wconf 83' lang='lat' dir='ltr'><strong>herbis</strong></span> <span class='ocrx_word' id='word_1_100' title='bbox 1966 2357 2174 2476; x_wconf 77' lang='lat' dir='ltr'><strong>congestis</strong></span> 
     </span>
    </p>
   </div>
   <div class='ocr_carea' id='block_1_4' title="bbox 486 2511 2184 4772">
    <p class='ocr_par' dir='ltr' id='par_1_5' title="bbox 486 2511 2181 4162">
     <span class='ocr_line' id='line_1_14' title="bbox 492 2511 2175 2632; baseline -0.002 -30"><span class='ocrx_word' id='word_1_101' title='bbox 492 2539 658 2603; x_wconf 88' lang='lat' dir='ltr'><strong>stratus.</strong></span> <span class='ocrx_word' id='word_1_102' title='bbox 711 2518 807 2604; x_wconf 79' lang='lat' dir='ltr'><strong>ova</strong></span> <span class='ocrx_word' id='word_1_103' title='bbox 836 2515 961 2622; x_wconf 90' lang='lat' dir='ltr'><strong>bina,</strong></span> <span class='ocrx_word' id='word_1_104' title='bbox 992 2517 1195 2603; x_wconf 87' lang='lat' dir='ltr'><strong>anserinis</strong></span> <span class='ocrx_word' id='word_1_105' title='bbox 1222 2515 1338 2632; x_wconf 89' lang='lat' dir='ltr'><strong>paria</strong></span> <span class='ocrx_word' id='word_1_106' title='bbox 1351 2513 1369 2620; x_wconf 69' lang='grc'><strong>,“</strong></span> <span class='ocrx_word' id='word_1_107' title='bbox 1393 2516 1722 2620; x_wconf 77' lang='lat' dir='ltr'><strong>cinerescentia,</strong></span> <span class='ocrx_word' id='word_1_108' title='bbox 1763 2514 1901 2602; x_wconf 79' lang='lat' dir='ltr'><strong>lituris</strong></span> <span class='ocrx_word' id='word_1_109' title='bbox 1919 2519 1979 2626; x_wconf 79' lang='grc'><strong>(·)</strong></span> <span class='ocrx_word' id='word_1_110' title='bbox 2024 2511 2175 2600; x_wconf 81' lang='lat' dir='ltr'><strong>crebris</strong></span> 
     </span>
     <span class='ocr_line' id='line_1_15' title="bbox 490 2664 2176 2787; baseline -0.004 -33"><span class='ocrx_word' id='word_1_111' title='bbox 490 2666 618 2755; x_wconf 83' lang='lat' dir='ltr'><strong>fuscia</strong></span> <span class='ocrx_word' id='word_1_112' title='bbox 644 2675 831 2787; x_wconf 85' lang='lat' dir='ltr'><strong>pondere</strong></span> <span class='ocrx_word' id='word_1_113' title='bbox 859 2670 1076 2756; x_wconf 84' lang='lat' dir='ltr'><strong>unciarum</strong></span> <span class='ocrx_word' id='word_1_114' title='bbox 1105 2687 1158 2766; x_wconf 68' lang='lat'><strong>5}-</strong></span> <span class='ocrx_word' id='word_1_115' title='bbox 1201 2669 1270 2753; x_wconf 90' lang='lat' dir='ltr'><strong>vel</strong></span> <span class='ocrx_word' id='word_1_116' title='bbox 1296 2669 1420 2754; x_wconf 87' lang='lat' dir='ltr'><strong>ultra.</strong></span> <span class='ocrx_word' id='word_1_117' title='bbox 1470 2673 1647 2754; x_wconf 84' lang='lat' dir='ltr'><strong>Incubet</strong></span> <span class='ocrx_word' id='word_1_118' title='bbox 1673 2675 1802 2783; x_wconf 88' lang='lat' dir='ltr'><strong>Maj0.</strong></span> <span class='ocrx_word' id='word_1_119' title='bbox 1858 2667 1964 2754; x_wconf 91' lang='lat' dir='ltr'><strong>Viso</strong></span> <span class='ocrx_word' id='word_1_120' title='bbox 2003 2664 2176 2756; x_wconf 87' lang='lat' dir='ltr'><strong>homine</strong></span> 
     </span>
     <span class='ocr_line' id='line_1_16' title="bbox 492 2805 2177 2938; baseline -0.003 -32"><span class='ocrx_word' id='word_1_121' title='bbox 492 2823 547 2907; x_wconf 89' lang='lat' dir='ltr'><strong>ad</strong></span> <span class='ocrx_word' id='word_1_122' title='bbox 574 2820 722 2908; x_wconf 87' lang='lat' dir='ltr'><strong>nidum</strong></span> <span class='ocrx_word' id='word_1_123' title='bbox 764 2821 1051 2938; x_wconf 90' lang='lat' dir='ltr'><strong>elonginquo</strong></span> <span class='ocrx_word' id='word_1_124' title='bbox 1093 2822 1287 2921; x_wconf 86' lang='lat' dir='ltr'><strong>advolat;</strong></span> <span class='ocrx_word' id='word_1_125' title='bbox 1325 2824 1399 2906; x_wconf 87' lang='lat' dir='ltr'><strong>sed</strong></span> <span class='ocrx_word' id='word_1_126' title='bbox 1441 2821 1644 2906; x_wconf 84' lang='lat' dir='ltr'><strong>exterrita</strong></span> <span class='ocrx_word' id='word_1_127' title='bbox 1673 2805 1754 2914; x_wconf 56' lang='lat' dir='ltr'><strong>&#39;vel</strong></span> <span class='ocrx_word' id='word_1_128' title='bbox 1793 2821 1966 2937; x_wconf 85' lang='lat' dir='ltr'><strong>laqueos</strong></span> <span class='ocrx_word' id='word_1_129' title='bbox 2005 2840 2177 2910; x_wconf 80' lang='lat' dir='ltr'><strong>statutor</strong></span> 
     </span>
     <span class='ocr_line' id='line_1_17' title="bbox 491 2971 2180 3090; baseline -0.001 -33"><span class='ocrx_word' id='word_1_130' title='bbox 491 2971 733 3090; x_wconf 87' lang='lat' dir='ltr'><strong>percipiens</strong></span> <span class='ocrx_word' id='word_1_131' title='bbox 757 3003 973 3090; x_wconf 86' lang='lat' dir='ltr'><strong>nunquam</strong></span> <span class='ocrx_word' id='word_1_132' title='bbox 1000 2975 1126 3061; x_wconf 88' lang='lat' dir='ltr'><strong>redit.</strong></span> <span class='ocrx_word' id='word_1_133' title='bbox 1193 2977 1289 3060; x_wconf 85' lang='lat' dir='ltr'><strong>Mas</strong></span> <span class='ocrx_word' id='word_1_134' title='bbox 1316 2971 1431 3058; x_wconf 90' lang='lat' dir='ltr'><strong>circa</strong></span> <span class='ocrx_word' id='word_1_135' title='bbox 1456 2972 1604 3058; x_wconf 89' lang='lat' dir='ltr'><strong>nidum</strong></span> <span class='ocrx_word' id='word_1_136' title='bbox 1631 2971 1867 3062; x_wconf 88' lang='lat' dir='ltr'><strong>custodiam</strong></span> <span class='ocrx_word' id='word_1_137' title='bbox 1894 2971 1983 3086; x_wconf 86' lang='lat' dir='ltr'><strong>agit</strong></span> <span class='ocrx_word' id='word_1_138' title='bbox 2013 2993 2059 3058; x_wconf 90' lang='lat' dir='ltr'><strong>et</strong></span> <span class='ocrx_word' id='word_1_139' title='bbox 2088 2999 2180 3056; x_wconf 92' lang='lat' dir='ltr'><strong>con·</strong></span> 
     </span>
     <span class='ocr_line' id='line_1_18' title="bbox 486 3123 2179 3242; baseline 0 -32"><span class='ocrx_word' id='word_1_140' title='bbox 486 3143 556 3210; x_wconf 83' lang='lat' dir='ltr'><strong>tra</strong></span> <span class='ocrx_word' id='word_1_141' title='bbox 582 3127 691 3210; x_wconf 82' lang='lat' dir='ltr'><strong>feras</strong></span> <span class='ocrx_word' id='word_1_142' title='bbox 719 3147 764 3212; x_wconf 90' lang='lat' dir='ltr'><strong>et</strong></span> <span class='ocrx_word' id='word_1_143' title='bbox 791 3157 915 3216; x_wconf 79' lang='lat' dir='ltr'><strong>canes</strong></span> <span class='ocrx_word' id='word_1_144' title='bbox 943 3151 1076 3218; x_wconf 85' lang='lat' dir='ltr'><strong>rostro</strong></span> <span class='ocrx_word' id='word_1_145' title='bbox 1104 3126 1184 3214; x_wconf 91' lang='lat' dir='ltr'><strong>teli</strong></span> <span class='ocrx_word' id='word_1_146' title='bbox 1210 3127 1342 3212; x_wconf 89' lang='lat' dir='ltr'><strong>instar</strong></span> <span class='ocrx_word' id='word_1_147' title='bbox 1380 3125 1562 3238; x_wconf 85' lang='lat' dir='ltr'><strong>jaculato</strong></span> <span class='ocrx_word' id='word_1_148' title='bbox 1602 3123 1803 3211; x_wconf 84' lang='lat' dir='ltr'><strong>acerrime</strong></span> <span class='ocrx_word' id='word_1_149' title='bbox 1844 3149 2033 3242; x_wconf 84' lang='lat' dir='ltr'><strong>pugnat,</strong></span> <span class='ocrx_word' id='word_1_150' title='bbox 2077 3125 2179 3210; x_wconf 86' lang='lat' dir='ltr'><strong>adeo</strong></span> 
     </span>
     <span class='ocr_line' id='line_1_19' title="bbox 491 3271 2179 3388; baseline 0.001 -28"><span class='ocrx_word' id='word_1_151' title='bbox 491 3271 678 3362; x_wconf 83' lang='lat' dir='ltr'><strong>infensus</strong></span> <span class='ocrx_word' id='word_1_152' title='bbox 706 3281 905 3388; x_wconf 88' lang='lat' dir='ltr'><strong>canibus,</strong></span> <span class='ocrx_word' id='word_1_153' title='bbox 934 3303 982 3366; x_wconf 91' lang='lat' dir='ltr'><strong>ut</strong></span> <span class='ocrx_word' id='word_1_154' title='bbox 1007 3281 1220 3368; x_wconf 88' lang='lat' dir='ltr'><strong>interdum</strong></span> <span class='ocrx_word' id='word_1_155' title='bbox 1246 3278 1457 3366; x_wconf 87' lang='lat' dir='ltr'><strong>venatoris</strong></span> <span class='ocrx_word' id='word_1_156' title='bbox 1481 3277 1772 3365; x_wconf 86' lang='lat' dir='ltr'><strong>obliviscatur.</strong></span> <span class='ocrx_word' id='word_1_157' title='bbox 1838 3277 1959 3366; x_wconf 84' lang='lat' dir='ltr'><strong>Alias</strong></span> <span class='ocrx_word' id='word_1_158' title='bbox 1990 3272 2179 3366; x_wconf 71' lang='lat' dir='ltr'><strong>caudari·</strong></span> 
     </span>
     <span class='ocr_line' id='line_1_20' title="bbox 491 3429 2179 3550; baseline 0.005 -38"><span class='ocrx_word' id='word_1_159' title='bbox 491 3455 561 3513; x_wconf 90' lang='lat' dir='ltr'><strong>ma</strong></span> <span class='ocrx_word' id='word_1_160' title='bbox 589 3429 678 3514; x_wconf 87' lang='lat' dir='ltr'><strong>avis</strong></span> <span class='ocrx_word' id='word_1_161' title='bbox 705 3455 751 3518; x_wconf 90' lang='lat' dir='ltr'><strong>et</strong></span> <span class='ocrx_word' id='word_1_162' title='bbox 775 3463 800 3520; x_wconf 92' lang='lat' dir='ltr'><strong>e</strong></span> <span class='ocrx_word' id='word_1_163' title='bbox 828 3431 1059 3550; x_wconf 87' lang='lat' dir='ltr'><strong>longinquo</strong></span> <span class='ocrx_word' id='word_1_164' title='bbox 1087 3431 1306 3520; x_wconf 87' lang='lat' dir='ltr'><strong>hominem</strong></span> <span class='ocrx_word' id='word_1_165' title='bbox 1334 3430 1586 3548; x_wconf 89' lang='lat' dir='ltr'><strong>percipiens.</strong></span> <span class='ocrx_word' id='word_1_166' title='bbox 1653 3433 1837 3546; x_wconf 83' lang='lat' dir='ltr'><strong>Clungor</strong></span> <span class='ocrx_word' id='word_1_167' title='bbox 1876 3433 2089 3548; x_wconf 84' lang='lat' dir='ltr'><strong>frequens.</strong></span> <span class='ocrx_word' id='word_1_168' title='bbox 2112 3459 2179 3520; x_wconf 86' lang='lat' dir='ltr'><strong>ex·</strong></span> 
     </span>
     <span class='ocr_line' id='line_1_21' title="bbox 491 3581 2181 3700; baseline 0.001 -36"><span class='ocrx_word' id='word_1_169' title='bbox 491 3599 613 3670; x_wconf 89' lang='lat' dir='ltr'><strong>tenso</strong></span> <span class='ocrx_word' id='word_1_170' title='bbox 640 3611 781 3669; x_wconf 85' lang='lat' dir='ltr'><strong>versus</strong></span> <span class='ocrx_word' id='word_1_171' title='bbox 807 3589 974 3672; x_wconf 89' lang='lat' dir='ltr'><strong>coelum</strong></span> <span class='ocrx_word' id='word_1_172' title='bbox 1001 3587 1114 3674; x_wconf 92' lang='lat' dir='ltr'><strong>collo</strong></span> <span class='ocrx_word' id='word_1_173' title='bbox 1140 3585 1306 3672; x_wconf 92' lang='lat' dir='ltr'><strong>olorino</strong></span> <span class='ocrx_word' id='word_1_174' title='bbox 1334 3587 1422 3670; x_wconf 86' lang='lat' dir='ltr'><strong>lere</strong></span> <span class='ocrx_word' id='word_1_175' title='bbox 1450 3583 1627 3687; x_wconf 87' lang='lat' dir='ltr'><strong>similia,</strong></span> <span class='ocrx_word' id='word_1_176' title='bbox 1667 3581 1917 3700; x_wconf 85' lang='lat' dir='ltr'><strong>praesertim</strong></span> <span class='ocrx_word' id='word_1_177' title='bbox 1958 3585 2181 3670; x_wconf 89' lang='lat' dir='ltr'><strong>subvolan-</strong></span> 
     </span>
     <span class='ocr_line' id='line_1_22' title="bbox 488 3731 2180 3852; baseline 0.002 -35"><span class='ocrx_word' id='word_1_178' title='bbox 488 3731 559 3818; x_wconf 81' lang='lat' dir='ltr'><strong>tis.</strong></span> <span class='ocrx_word' id='word_1_179' title='bbox 616 3740 826 3850; x_wconf 81' lang='lat' dir='ltr'><strong>Ingressus</strong></span> <span class='ocrx_word' id='word_1_180' title='bbox 855 3762 899 3824; x_wconf 90' lang='lat' dir='ltr'><strong>et</strong></span> <span class='ocrx_word' id='word_1_181' title='bbox 926 3771 1064 3826; x_wconf 83' lang='lat' dir='ltr'><strong>morea</strong></span> <span class='ocrx_word' id='word_1_182' title='bbox 1091 3738 1265 3826; x_wconf 88' lang='lat' dir='ltr'><strong>omnino</strong></span> <span class='ocrx_word' id='word_1_183' title='bbox 1291 3737 1415 3823; x_wconf 90' lang='lat' dir='ltr'><strong>Gruis</strong></span> <span class='ocrx_word' id='word_1_184' title='bbox 1443 3736 1640 3852; x_wconf 90' lang='lat' dir='ltr'><strong>vulgaris.</strong></span> <span class='ocrx_word' id='word_1_185' title='bbox 1709 3737 1904 3824; x_wconf 87' lang='lat' dir='ltr'><strong>Cicurata</strong></span> <span class='ocrx_word' id='word_1_186' title='bbox 1939 3767 2042 3824; x_wconf 89' lang='lat' dir='ltr'><strong>curn</strong></span> <span class='ocrx_word' id='word_1_187' title='bbox 2071 3739 2180 3822; x_wconf 85' lang='lat' dir='ltr'><strong>Gnta</strong></span> 
     </span>
     <span class='ocr_line' id='line_1_23' title="bbox 489 3885 2181 4006; baseline 0.002 -35"><span class='ocrx_word' id='word_1_188' title='bbox 489 3885 654 4002; x_wconf 83' lang='lat' dir='ltr'><strong>vulgari</strong></span> <span class='ocrx_word' id='word_1_189' title='bbox 683 3887 818 3975; x_wconf 86' lang='lat' dir='ltr'><strong>amice</strong></span> <span class='ocrx_word' id='word_1_190' title='bbox 846 3889 981 3992; x_wconf 87' lang='lat' dir='ltr'><strong>vivit,</strong></span> <span class='ocrx_word' id='word_1_191' title='bbox 1009 3893 1074 3980; x_wconf 86' lang='lat' dir='ltr'><strong>uti</strong></span> <span class='ocrx_word' id='word_1_192' title='bbox 1100 3890 1208 3978; x_wconf 88' lang='lat' dir='ltr'><strong>haec</strong></span> <span class='ocrx_word' id='word_1_193' title='bbox 1234 3922 1331 3978; x_wconf 90' lang='lat' dir='ltr'><strong>cum</strong></span> <span class='ocrx_word' id='word_1_194' title='bbox 1359 3894 1412 3976; x_wconf 90' lang='lat' dir='ltr'><strong>G.</strong></span> <span class='ocrx_word' id='word_1_195' title='bbox 1442 3889 1634 4006; x_wconf 85' lang='lat' dir='ltr'><strong>Virgine.</strong></span> <span class='ocrx_word' id='word_1_196' title='bbox 1694 3889 2181 3980; x_wconf 78' lang='lat' dir='ltr'><strong>Messerselrmirliut</strong></span> 
     </span>
     <span class='ocr_line' id='line_1_24' title="bbox 490 4041 1790 4162; baseline 0.002 -38"><span class='ocrx_word' id='word_1_197' title='bbox 490 4061 535 4124; x_wconf 86' lang='lat' dir='ltr'><strong>et</strong></span> <span class='ocrx_word' id='word_1_198' title='bbox 561 4043 827 4130; x_wconf 81' lang='lat' dir='ltr'><strong>Gmelinus</strong></span> <span class='ocrx_word' id='word_1_199' title='bbox 854 4051 1195 4162; x_wconf 88' lang='lat' dir='ltr'><strong>Leucogeranum</strong></span> <span class='ocrx_word' id='word_1_200' title='bbox 1222 4075 1298 4160; x_wconf 88' lang='lat' dir='ltr'><strong>pro</strong></span> <span class='ocrx_word' id='word_1_201' title='bbox 1326 4042 1504 4130; x_wconf 90' lang='lat' dir='ltr'><strong>Ciconia</strong></span> <span class='ocrx_word' id='word_1_202' title='bbox 1538 4041 1790 4129; x_wconf 89' lang='lat' dir='ltr'><strong>habuerunt.</strong></span> 
     </span>
    </p>

    <p class='ocr_par' dir='ltr' id='par_1_6' title="bbox 487 4195 2184 4772">
     <span class='ocr_line' id='line_1_25' title="bbox 600 4195 2181 4314; baseline 0 -36"><span class='ocrx_word' id='word_1_203' title='bbox 600 4195 768 4281; x_wconf 80' lang='lat' dir='ltr'><strong>Detcr.</strong></span> <span class='ocrx_word' id='word_1_204' title='bbox 798 4195 940 4284; x_wconf 87' lang='lat' dir='ltr'><strong>Etiam</strong></span> <span class='ocrx_word' id='word_1_205' title='bbox 967 4199 1182 4314; x_wconf 89' lang='lat' dir='ltr'><strong>Antigone</strong></span> <span class='ocrx_word' id='word_1_206' title='bbox 1215 4200 1300 4282; x_wconf 86' lang='lat' dir='ltr'><strong>fere</strong></span> <span class='ocrx_word' id='word_1_207' title='bbox 1327 4195 1565 4312; x_wconf 83' lang='lat' dir='ltr'><strong>procerior;</strong></span> <span class='ocrx_word' id='word_1_208' title='bbox 1605 4207 1730 4282; x_wconf 61' lang='lat' dir='ltr'><strong>stansx</strong></span> <span class='ocrx_word' id='word_1_209' title='bbox 1746 4218 1890 4282; x_wconf 91' lang='lat' dir='ltr'><strong>erecto</strong></span> <span class='ocrx_word' id='word_1_210' title='bbox 1926 4225 2107 4313; x_wconf 91' lang='lat' dir='ltr'><strong>corpore</strong></span> <span class='ocrx_word' id='word_1_211' title='bbox 2138 4213 2181 4278; x_wconf 87' lang='lat' dir='ltr'><strong>et</strong></span> 
     </span>
     <span class='ocr_line' id='line_1_26' title="bbox 488 4345 2180 4467; baseline -0.002 -33"><span class='ocrx_word' id='word_1_212' title='bbox 488 4345 629 4450; x_wconf 90' lang='lat' dir='ltr'><strong>collo,</strong></span> <span class='ocrx_word' id='word_1_213' title='bbox 671 4369 848 4460; x_wconf 89' lang='lat' dir='ltr'><strong>quatuor</strong></span> <span class='ocrx_word' id='word_1_214' title='bbox 872 4379 971 4436; x_wconf 87' lang='lat' dir='ltr'><strong>cum</strong></span> <span class='ocrx_word' id='word_1_215' title='bbox 1009 4349 1192 4436; x_wconf 88' lang='lat' dir='ltr'><strong>dimidio</strong></span> <span class='ocrx_word' id='word_1_216' title='bbox 1232 4350 1363 4467; x_wconf 79' lang='lat' dir='ltr'><strong>pedes</strong></span> <span class='ocrx_word' id='word_1_217' title='bbox 1406 4371 1570 4464; x_wconf 90' lang='lat' dir='ltr'><strong>aequat.</strong></span> <span class='ocrx_word' id='word_1_218' title='bbox 1640 4353 1834 4436; x_wconf 71' lang='lat' dir='ltr'><strong>Rostrm</strong></span> <span class='ocrx_word' id='word_1_219' title='bbox 1873 4349 2180 4460; x_wconf 86' lang='lat' dir='ltr'><strong>majusculum,</strong></span> 
     </span>
     <span class='ocr_line' id='line_1_27' title="bbox 487 4483 2184 4619; baseline 0.001 -35"><span class='ocrx_word' id='word_1_220' title='bbox 487 4501 682 4604; x_wconf 88' lang='lat' dir='ltr'><strong>rubrum,</strong></span> <span class='ocrx_word' id='word_1_221' title='bbox 713 4499 882 4586; x_wconf 88' lang='lat' dir='ltr'><strong>aciebus</strong></span> <span class='ocrx_word' id='word_1_222' title='bbox 908 4503 1123 4619; x_wconf 89' lang='lat' dir='ltr'><strong>utriusque</strong></span> <span class='ocrx_word' id='word_1_223' title='bbox 1152 4499 1353 4588; x_wconf 86' lang='lat' dir='ltr'><strong>maxillae</strong></span> <span class='ocrx_word' id='word_1_224' title='bbox 1382 4483 1525 4586; x_wconf 81' lang='lat' dir='ltr'><strong>versus</strong></span> <span class='ocrx_word' id='word_1_225' title='bbox 1550 4500 1715 4617; x_wconf 87' lang='lat' dir='ltr'><strong>apicem</strong></span> <span class='ocrx_word' id='word_1_226' title='bbox 1744 4503 1927 4602; x_wconf 84' lang='lat' dir='ltr'><strong>serrasis,</strong></span> <span class='ocrx_word' id='word_1_227' title='bbox 1954 4527 2001 4588; x_wconf 92' lang='lat' dir='ltr'><strong>ut</strong></span> <span class='ocrx_word' id='word_1_228' title='bbox 2030 4502 2080 4589; x_wconf 94' lang='lat' dir='ltr'><strong>in</strong></span> <span class='ocrx_word' id='word_1_229' title='bbox 2097 4505 2184 4585; x_wconf 88' lang='lat' dir='ltr'><strong>An·</strong></span> 
     </span>
     <span class='ocr_line' id='line_1_28' title="bbox 487 4650 2184 4772; baseline 0.002 -38"><span class='ocrx_word' id='word_1_230' title='bbox 487 4650 642 4765; x_wconf 85' lang='lat' dir='ltr'><strong>tigone.</strong></span> <span class='ocrx_word' id='word_1_231' title='bbox 698 4653 861 4766; x_wconf 78' lang='lat' dir='ltr'><strong>Lingua</strong></span> <span class='ocrx_word' id='word_1_232' title='bbox 888 4655 1155 4772; x_wconf 87' lang='lat' dir='ltr'><strong>longitudine</strong></span> <span class='ocrx_word' id='word_1_233' title='bbox 1182 4681 1200 4752; x_wconf 78' lang='lat' dir='ltr'><strong>e</strong></span> <span class='ocrx_word' id='word_1_234' title='bbox 1226 4651 1369 4758; x_wconf 85' lang='lat' dir='ltr'><strong>rostri,</strong></span> <span class='ocrx_word' id='word_1_235' title='bbox 1398 4652 1804 4758; x_wconf 81' lang='lat' dir='ltr'><strong>lineari-adtenuata,</strong></span> <span class='ocrx_word' id='word_1_236' title='bbox 1833 4654 2184 4772; x_wconf 82' lang='lat' dir='ltr'><strong>triquetrocana·</strong></span> 
     </span>
    </p>
   </div>
   <div class='ocr_carea' id='block_1_5' title="bbox 488 4865 804 4892">
    <p class='ocr_par' dir='ltr' id='par_1_7' title="bbox 488 4865 804 4892">
     <span class='ocr_line' id='line_1_29' title="bbox 488 4865 804 4892; baseline 0.006 -2"><span class='ocrx_word' id='word_1_237' title='bbox 488 4865 804 4892; x_wconf 54' lang='lat' dir='ltr'><strong>m—</strong></span> 
     </span>
    </p>
   </div>
   <div class='ocr_carea' id='block_1_6' title="bbox 541 4975 2182 5080">
    <p class='ocr_par' dir='ltr' id='par_1_8' title="bbox 541 4975 2182 5080">
     <span class='ocr_line' id='line_1_30' title="bbox 541 4975 2182 5080; baseline 0 -29"><span class='ocrx_word' id='word_1_238' title='bbox 541 4975 839 5074; x_wconf 74' lang='lat' dir='ltr'><strong>(⁸)Bussorlur</strong></span> <span class='ocrx_word' id='word_1_239' title='bbox 863 4989 958 5056; x_wconf 82' lang='lat' dir='ltr'><strong>inter</strong></span> <span class='ocrx_word' id='word_1_240' title='bbox 980 5005 1052 5056; x_wconf 84' lang='lat' dir='ltr'><strong>ova</strong></span> <span class='ocrx_word' id='word_1_241' title='bbox 1078 4987 1201 5056; x_wconf 82' lang='lat' dir='ltr'><strong>avium</strong></span> <span class='ocrx_word' id='word_1_242' title='bbox 1226 4995 1265 5058; x_wconf 80' lang='lat' dir='ltr'><strong>et</strong></span> <span class='ocrx_word' id='word_1_243' title='bbox 1290 4991 1385 5080; x_wconf 82' lang='lat' dir='ltr'><strong>ipsas</strong></span> <span class='ocrx_word' id='word_1_244' title='bbox 1411 5007 1497 5062; x_wconf 81' lang='lat' dir='ltr'><strong>avet</strong></span> <span class='ocrx_word' id='word_1_245' title='bbox 1523 4987 1725 5080; x_wconf 60' lang='lat' dir='ltr'><strong>sodomam</strong></span> <span class='ocrx_word' id='word_1_246' title='bbox 1750 4991 1972 5060; x_wconf 67' lang='lat' dir='ltr'><strong>attestetur</strong></span> <span class='ocrx_word' id='word_1_247' title='bbox 1995 4983 2182 5058; x_wconf 80' lang='lat' dir='ltr'><strong>colorum.</strong></span> 
     </span>
    </p>
   </div>
   <div class='ocr_carea' id='block_1_7' title="bbox 0 0 2378 6068">
    <p class='ocr_par' dir='ltr' id='par_1_9' title="bbox 0 0 2378 6068">
     <span class='ocr_line' id='line_1_31' title="bbox 0 0 2378 6068; baseline 0 0"><span class='ocrx_word' id='word_1_248' title='bbox 0 0 2378 6068; x_wconf 95' lang='lat' dir='ltr'><strong> </strong></span> 
     </span>
    </p>
   </div>
  </div>
 </body>
</html>
