4778 6044
963 471 1111 523 ·-···—·-···-··
1303 447 1306 452 ’
1803 463 1888 558 283

332 677 508 756 Descr.
563 666 796 754 Notissima
841 669 1004 786 species
1045 693 1089 756 et
1128 645 1153 758 e
1191 698 1322 761 rostro
1351 674 1476 764 facile
1505 680 1794 791 agnoscenda,
1840 703 1888 764 ut

193 822 476 939 descriptione
516 823 604 905 fere
644 852 729 906 non
773 843 905 936 egeat.
987 825 1119 910 Irides'
1157 829 1303 912 flavae.
1391 829 1582 915 Rostrum
1621 829 1883 932 olivaceum‚

191 1001 385 1064 extremo
414 973 591 1058 dilatato
620 973 873 1077 semiformi,
905 975 1101 1059 dentibus
1130 978 1419 1080 creberrimis,
1449 979 1726 1080 tenuissimis,
1765 945 1883 1066 llexi·

192 1131 305 1214 libus
346 1124 536 1238 margine
579 1124 860 1211 lamellosum.
933 1129 1070 1240 Caput
1111 1151 1156 1212 et
1196 1139 1347 1216 cottam
1388 1133 1497 1216 ultra
1539 1131 1727 1216 medium
1756 1135 1882 1236 fusca,

191 1279 330 1366 nucha
373 1299 417 1362 et
455 1274 622 1362 cervice
664 1273 1140 1365 violaceo-nitentibus.
1212 1285 1385 1392 Inferius
1423 1285 1580 1369 collum
1609 1290 1882 1401 jugulumque

190 1437 355 1534 album,
396 1431 472 1514 sed
513 1426 560 1510 in
600 1426 850 1541 quibusdam
893 1432 1051 1516 collum
1097 1453 1304 1545 guttarum
1321 1472 1331 1536 3
1390 1435 1523 1549 juguli
1550 1435 1682 1520 latera
1711 1433 1881 1520 circulis

189 1584 316 1672 tuscis
344 1585 560 1694 eleganter
588 1604 815 1695 squamata.
872 1589 1060 1668 Truncus
1088 1585 1231 1670 subtus
1261 1609 1372 1672 totus
1399 1583 1881 1699 brunneo-ferrugine'us.

187 1737 469 1824 Subcuudales
510 1753 644 1832 atrae,
701 1732 830 1818 viridi
872 1735 1066 1818 nitentes.
1136 1741 1312 1823 Aletum
1353 1742 1487 1826 bases'
1513 1740 1648 1824 dilute
1682 1767 1881 1853 cyaneae,

187 1897 398 2006 speculum
413 1883 571 1987 viride,
601 1884 785 1968 anterius
814 1887 930 1990 alba,
959 1887 1116 2002 postici
1131 1889 1366 2004 nigricante
1382 1891 1672 2005 marginatum.
1733 1890 1883 1976 Cauda
1995 1867 2000 1874 Ι

185 2042 352 2145 brevis,
383 2039 630 2134 rotundata,
658 2067 888 2151 pennarum
925 2059 983 2145 14.
1043 2042 1171 2128 Pedes
1197 2043 1339 2156 parvi,
1382 2043 1575 2128 aurentii.
1633 2047 1879 2132 Foemr'na

187 2197 456 2310 scolopacea,
487 2189 564 2276 alis
592 2211 734 2290 tamen
765 2191 1087 2280 versicoloribus
1116 2194 1221 2278 mari
1249 2195 1486 2298 simillima,
1532 2197 1712 2312 pedibus
1740 2195 1879 2280 luteis.

186 2347 353 2434 Pondus
380 2341 528 2432 bilibri
556 2367 722 2468 semper
750 2341 912 2458 aliquot
939 2345 1076 2431 unciis
1105 2346 1293 2432 inferius.
1351 2351 1592 2434 Mensurae:
1648 2352 1701 2434 ad
1730 2378 1881 2462 uropy.

189 2500 307 2616 gium
342 2505 386 2584 ι’.
419 2506 482 2582 2²¹.
514 2530 550 2582 o.
581 2492 705 2579 rostri
734 2496 796 2581 δ”.
835 2502 951 2608 (ejus
979 2497 1162 2584 latitudo
1191 2498 1460 2584 extremitate
1495 2503 1551 2583 1'‘.
1582 2503 1692 2614 alm.)
1721 2501 1878 2584 caudae

190 2657 254 2742 δ”.
284 2679 561 2768 expensarum
590 2647 750 2734 alarum
780 2649 829 2731 2‘.
860 2652 919 2738 6¹².
948 2646 1016 2738 0“·
1045 2650 1371 2767 compositarum
1399 2653 1460 2758 9“.
1488 2651 1561 2755 tm.
1590 2650 1790 2737 tibiarum
1826 2649 1878 2735 I'.

186 2815 262 2915 4‘'‘.
292 2802 420 2921 digiti
445 2799 579 2888 medii
610 2793 671 2885 α’).

456 3051 570 3149 356.
644 3053 858 3144 ANAS
930 3083 1119 3150 mersa.
1193 3056 1325 3147 TAB.
1400 3057 1612 3148 LXXIII.

326 3270 381 3353 A.
411 3287 543 3350 rostro
570 3263 662 3348 basi
689 3264 910 3366 tuberos0,
955 3266 1087 3348 cauda
1115 3262 1369 3349 cuneiformi
1399 3261 1695 3379 angustipenni
1724 3261 1876 3376 rigida.

412 3424 526 3504 Anas
553 3445 707 3520 merse,
763 3418 870 3501 PaII.
899 3425 986 3502 itin.
1015 3421 1071 3502 H.
1102 3419 1278 3532 append.
1308 3451 1346 3502 n.
1380 3452 1444 3523 29.
1476 3418 1561 3501 tab.
1590 3419 1645 3500 H.
1702 3417 1872 3532 Lepech.

463 3579 552 3656 itin.
580 3572 657 3654 Ill.
688 3571 792 3654 FaIIr
819 3577 907 3654 itin.
937 3573 1013 3655 III.
1044 3603 1085 3685 p.
1116 3584 1210 3676 349.
1241 3601 1279 3654 n.
1310 3581 1378 3678 75.
1410 3569 1496 3654 tab.
1530 3583 1594 3655 23.

406 3722 588 3841 Spanish
615 3724 760 3822 Duck,
816 3723 1012 3808 Pennant.
1049 3725 1146 3808 Gen.
1177 3755 1244 3808 av.
1273 3755 1315 3837 p.
1345 3721 1430 3806 tab.
1464 3736 1530 3825 54.
1588 3723 1778 3804 Lutbam.
1807 3749 1874 3802 au.

461 3881 533 3965 VI.
564 3913 605 3994 p.
636 3891 727 3966 525.

407 4033 509 4119 Ural
536 4033 685 4132 Duck,
741 4032 932 4114 Latbam.
963 4057 1029 4112 av.
1060 4029 1131 4111 VI.
1161 4060 1201 4141 p.
1232 4038 1327 4131 514.
1358 4058 1397 4110 η.
1426 4037 1491 4134 59.

295 4183 470 4272 Rossice
497 4157 543 4268 in
573 4181 728 4270 Sibiria
754 4184 903 4266 Sarulra
929 4187 1197 4296 stronossuja.

320 4346 372 4422 In
413 4337 584 4423 lacubus
623 4332 749 4420 vastis
789 4361 1034 4446 camporum
1074 4328 1396 4432 metensium,
1463 4325 1786 4416 Ischimensium
1828 4349 1874 4412 et

181 4491 437 4584 Isetensium
478 4491 689 4603 frequens,
748 4489 966 4572 observata
1007 4511 1172 4597 quoque
1213 4482 1259 4566 in
1300 4483 1472 4566 lacubus
1516 4479 1787 4596 Sarpensibus
1829 4502 1873 4566 et

184 4647 294 4736 mari
322 4643 479 4760 caspio.
534 4648 646 4728 Toto
675 4669 849 4755 corpore
878 4638 1088 4735 immersa,
1115 4632 1328 4719 eminente
1356 4637 1447 4738 solo
1474 4634 1586 4718 collo
1615 4663 1710 4716 cum
1739 4634 1872 4747 juguli

184 4823 332 4918 parte,
388 4815 504 4880 natat
546 4791 866 4910 expeditissime
905 4812 949 4874 et
986 4787 1191 4890 minatur,
1249 4787 1424 4870 caudam
1468 4816 1544 4900 pro
1589 4785 1872 4898 gubernaculo

187 4950 422 5054 adhibens;
481 4947 527 5034 in
556 4947 670 5034 sicco
707 4942 877 5058 ingredi
902 4940 1066 5048 nescia,
1116 4961 1289 5056 propter
1314 4939 1472 5054 pedum
1499 4935 1624 5022 situm
1651 4936 1871 5051 posticum,

1413 5101 1433 5144 Ι
