4778 6044
458 467 547 554 ³72

603 675 654 757 In
683 670 790 756 mari
819 665 1040 772 orientali,
1087 660 1200 752 cirea
1228 663 1404 776 insulas,
1447 695 1545 752 cum
1571 665 1941 784 praecedentibus,
1970 672 2157 758 observa·

458 848 570 914 runt.
611 820 668 908 D.
697 827 753 910 D.
781 824 920 909 Merla
947 843 991 906 et
1020 821 1110 907 cel.
1140 823 1350 928 Steller,
1380 842 1425 905 et
1453 819 1695 940 Specimina
1721 820 1967 908 retulerunt.
2023 827 2159 912 Priori

462 976 712 1096 praesertim
741 976 853 1108 circa
881 983 965 1060 Ins.
993 949 1266 1060 Unalaschka
1288 975 1553 1060 occurrebat.

598 1131 642 1214 N
655 1151 724 1216 ot.
786 1133 1045 1214 Merlriaaam
1088 1133 1313 1213 Iconeme
1354 1123 1517 1210 recenti
1559 1153 1635 1208 ave
1689 1124 1983 1215 concinnatam
2027 1136 2158 1236 addo,

461 1281 808 1401 quandoquidem
834 1280 881 1364 in
909 1284 1196 1394 Spicr'legr'r'se
1244 1277 1357 1364 sicco
1398 1278 1631 1394 specimine
1673 1277 1888 1364 delineata
1925 1287 2160 1398 praeferen-

462 1439 530 1522 da.
588 1439 781 1521 Rostrum
808 1429 854 1516 in
881 1432 964 1518 isto
994 1462 1090 1516 meo
1119 1431 1351 1547 specimine
1380 1433 1561 1534 fuscum,
1599 1435 1648 1513 M
1658 1435 1801 1516 11111
1828 1433 2041 1520 indicatur
2069 1469 2160 1524 saa·

464 1587 689 1704 guineum,
719 1584 811 1670 basi
840 1615 937 1670 cum
967 1585 1282 1670 coerulescente
1311 1584 1555 1698 nigredine,
1589 1583 1709 1698 apice
1741 1561 1954 1686 albidum3
1984 1591 2158 1674 maxilla

459 1741 554 1827 basi
597 1739 760 1846 albida,
817 1764 864 1825 ut
905 1761 950 1823 et
993 1737 1039 1824 in
1080 1758 1236 1822 nostra.
1304 1739 1434 1823 Iridcs
1475 1735 1697 1822 candidae.
1771 1738 1995 1851 Palpebrae
2023 1741 2157 1828 albae.

462 1895 593 1980 Pedes
620 1891 951 1978 coerulescenti·
968 1887 1116 1975 albidi.
1161 1941 1210 1956 -
1251 1887 1395 1976 Etiam
1436 1887 1546 1974 hanc
1581 1891 1633 1974 ab
1663 1895 1715 1974 U.
1745 1897 1971 1976 cristatella
1996 1913 2160 1980 tautum

463 2068 603 2132 aetate
632 2048 703 2132 vel
731 2075 834 2129 sexu
864 2043 1037 2128 differre
1066 2039 1252 2157 suspicio
1282 2062 1358 2129 est.

660 2331 781 2436 424.
856 2315 1060 2412 URlA
1134 2325 1437 2436 myslncea.
1506 2315 1638 2407 TAB.
1697 2315 1960 2406 LXXXIX.

605 2509 659 2590 U.
703 2525 838 2588 rostro
879 2506 1005 2591 rubro
1047 2502 1219 2606 cenioo,
1275 2525 1365 2588 tota
1407 2499 1546 2616 nigra,
1604 2500 1793 2617 pinnulis
1835 2500 2010 2588 setaceis
2053 2503 2157 2590 albis

466 2655 677 2774 elongatis
705 2652 1047 2770 superciliaribus
1077 2653 1407 2770 mystaceisque,
1446 2653 1578 2766 nigris
1606 2654 1757 2740 erectis
1786 2653 2045 2742 frontalibus.

684 2811 794 2894 Alea
822 2803 1159 2912 Camtschatica,
1201 2809 1310 2894 Noa.
1340 2811 1437 2893 Act.
1466 2809 1627 2918 Petrop.
1656 2809 1751 2891 ΧΠ.
1784 2807 1869 2892 tab.
1898 2821 1939 2894 8.

575 2957 926 3049 Praecedcntium
966 2958 1140 3045 nomine
1183 2962 1294 3076 apud
1337 2959 1508 3076 plebem
1538 2957 1928 3074 comprehenditur,
1968 2981 2014 3044 et
2040 2991 2160 3078 prae·

633 3111 780 3200 sertim
807 3115 1053 3198 Kuraburae
1082 3110 1256 3197 nomine
1285 3113 1416 3198 venit.

604 3265 731 3353 Circa
759 3285 949 3378 quartam
981 3286 1026 3348 et
1053 3263 1274 3349 ulteriores
1301 3263 1457 3352 insulas
1479 3262 1643 3350 Curilas
1670 3293 1755 3351 non
1783 3264 2023 3380 infrequens
2051 3263 2152 3372 aris,

423 3413 428 3420 ¹
466 3447 548 3508 nec
588 3416 759 3504 ridetur
800 3413 1004 3531 Japoniae
1047 3415 1262 3501 littoribus
1303 3421 1476 3518 deesse;
1530 3419 1749 3502 observata
1777 3417 1907 3502 etiam
1936 3415 2047 3504 circa
2075 3425 2158 3506 Ins.

465 3565 750 3660 Unalaschka.
793 3563 1114 3653 Camtschatcae
1129 3568 1247 3653 littus
1263 3592 1306 3655 et
1319 3567 1609 3656 Ochotensem
1628 3568 1763 3653 sinum
1795 3599 1877 3654 non
1904 3571 2156 3680 frequentat.

603 3725 781 3807 Descr.
838 3725 964 3804 Este
992 3719 1181 3804 minimis
1210 3721 1274 3806 sui
1303 3721 1510 3840 generis,
1551 3725 1664 3808 mole
1710 3720 1880 3808 circiter
1909 3721 2160 3828 coturnicis,

467 3875 660 3966 omnium
699 3871 965 3989 lepidissima
1007 3894 1051 3958 et
1092 3876 1179 3957 fere
1218 3872 1404 3960 ridiculo
1446 3897 1595 3960 ornatu
1641 3873 1884 3992 praesignis.
1967 3875 2160 3960 Rostrum

466 4031 618 4133 breve,
661 4024 880 4130 conicum,
922 4026 1011 4111 fere
1041 4031 1280 4140 Tanagrae,
1322 4029 1624 4128 ruberrimum,
1666 4027 1786 4143 apice
1814 4024 1970 4110 albida.
2026 4027 2161 4112 Nares

468 4177 515 4266 in
543 4210 649 4267 cavo
677 4179 878 4263 maxillae
906 4175 1153 4292 superioris,
1210 4180 1440 4296 oblongae,
1495 4179 1623 4266 rictui
1662 4179 1901 4296 parallelae.
1974 4181 2163 4266 Maxilla

461 4331 646 4420 inlerior
671 4359 813 4416 versus
841 4327 962 4414 basin
990 4331 1107 4416 sulco
1135 4353 1319 4420 exarata.
1389 4336 1496 4420 Cera
1522 4334 1653 4420 nulla.
1719 4333 1848 4416 lrr'des
1875 4329 2033 4414 circulo
2061 4333 2165 4420 albo

467 4507 513 4572 et
542 4487 681 4571 rubro.
738 4481 966 4598 Palpebrae
996 4483 1130 4568 albae.
1186 4483 1293 4568 Avis
1321 4517 1447 4602 supra
1474 4487 1617 4600 nigra,
1661 4485 1803 4572 subtus
1832 4485 1963 4588 fusca,
2012 4508 2165 4572 ventre

470 4635 626 4724 sensim
671 4633 803 4750 magis
843 4657 1113 4738 canescente,
1170 4635 1298 4722 crisso
1340 4661 1385 4724 et
1425 4639 1747 4726 subcaudalibus
1788 4635 1953 4720 albidis.
2032 4637 2171 4728 Frons

467 4787 665 4904 utrinque
697 4789 907 4901 fasciculo
950 4809 1163 4900 mystaceo
1206 4787 1474 4907 pinnularum
1515 4791 1826 4906 elongatarum,
1868 4786 1952 4872 albi
1993 4789 2171 4878 coloris.

469 4937 658 5034 Verticis
702 4943 873 5062 plumae
920 4937 1125 5050 laxiores,
1182 4943 1290 5032 forte
1335 4945 1538 5064 arriguae.
1625 4943 1774 5034 Medio
1823 4943 1937 5032 inter
1981 4963 2169 5032 rostrum
