4770 6042
1019 505 1166 560 ΕΞ
1868 485 1930 592 69

243 715 315 806 vet
356 711 483 832 plicis
525 737 598 798 sex
636 705 707 796 s'el
735 729 910 826 septem
945 701 1323 822 longitudinalibus
1354 705 1466 792 intus
1495 729 1686 825 porcata,
1741 729 1789 796 ut
1814 731 1929 802 recte

241 893 370 958 notat¹
389 873 428 952 K
436 874 635 952 leinius.
692 864 801 950 Caro
829 860 1110 979 pastoralium
1138 861 1420 946 musculorum
1448 883 1539 946 tota
1565 862 1694 948 lusca.
1760 936 1766 954 ,

377 1024 421 1105 Ν
430 1041 493 1106 ot.
524 1017 924 1118 MiraeAuctorum,
955 1012 1066 1098 circa
1095 1009 1207 1097 bane
1237 1042 1371 1118 avem,
1401 1011 1547 1130 paucis
1576 1014 1747 1130 copiose
1775 1015 1924 1122 visam,

239 1171 598 1262 hallucinationes
624 1169 901 1286 prolixiorem
931 1193 999 1252 me
1025 1193 1115 1252 esse
1144 1187 1314 1280 cogunt.
1372 1171 1472 1251 Non
1500 1167 1635 1252 solum
1672 1167 1929 1286 antiquiores

240 1322 517 1438 Omithologi
547 1351 571 1406 e
600 1319 870 1406 varietatibus
901 1351 924 1404 a
953 1319 1049 1406 loco
1077 1320 1146 1403 vel
1176 1324 1274 1428 anni
1302 1341 1494 1436 tempore
1520 1323 1802 1436 pendentibus
1846 1353 1936 1438 spe·

239 1481 352 1568 ciem
382 1475 739 1594 multiplicarunt,
787 1475 862 1556 aed
889 1471 1019 1556 etiam
1046 1471 1356 1558 recentissimus
1384 1477 1449 1559 Ill.
1479 1477 1769 1586 Bufsonius,
1827 1473 1933 1560 alias
1995 1595 1998 1598 Ι

236 1635 284 1724 in
310 1628 604 1749 expungendis
631 1623 906 1712 varietatibus
937 1626 1170 1725 exsultans,
1213 1621 1259 1708 in
1286 1622 1369 1710 bac
1399 1655 1500 1731 are,
1545 1629 1674 1732 forte,
1717 1652 1766 1714 ut
1803 1633 1935 1716 Brit·

173 1795 184 1812 ”
235 1795 384 1876 aonio
412 1783 612 1870 molestus
640 1802 773 1878 esset,
801 1775 1074 1864 minutiosum
1102 1800 1297 1896 tyronem
1324 1779 1454 1883 ludit,
1508 1780 1817 1896 levissimisque
1859 1811 1928 1866 au·

236 1936 507 2028 ctoritatibus
521 1935 615 2053 plus
631 1930 797 2038 tribuit,
815 1963 938 2046 quam
953 1929 1206 2044 judiciosum
1219 1937 1406 2017 Naturae
1422 1955 1698 2020 scrutatorem
1713 1938 1850 2022 decet.
1872 1939 1929 2046 (*)

236 2099 289 2180 E.
317 2091 507 2178 dissensu
541 2112 761 2175 auctorum
794 2086 908 2170 inter
933 2111 1046 2201 quos·
1063 2084 1276 2200 plerisque
1306 2082 1380 2170 vix
1410 2115 1540 2172 unum
1575 2088 1808 2174 alterumve
1839 2115 1932 2206 spe·

235 2243 396 2332 eimem
415 2241 663 2359 Lagopodis
689 2239 904 2343 viderunt,
954 2237 1065 2322 male
1095 2234 1331 2340 concludit,
1382 2236 1568 2325 diversas
1595 2240 1641 2326 in
1671 2267 1797 2326 unam
1828 2275 1932 2330 con.

232 2396 359 2486 fundi
396 2394 571 2512 species.
637 2395 749 2482 Cum
785 2391 877 2509 ipse
918 2413 962 2474 et
1000 2389 1298 2474 Americanam
1338 2413 1383 2476 et
1423 2389 1684 2480 helveticam
1716 2425 1839 2479 avem
1868 2394 1930 2481 vi·

235 2549 398 2650 derim,
426 2570 471 2634 et
499 2548 744 2663 Lagopodas
772 2574 827 2629 ex
854 2541 973 2630 omni
1000 2538 1178 2629 Sibiriae
1207 2540 1380 2628 climate
1410 2545 1639 2658 diligenter
1665 2547 1933 2656 contulerim,

234 2703 415 2790 rossicas
460 2724 620 2805 autem,
676 2729 773 2786 cum
801 2696 909 2782 haec
939 2695 1095 2801 scribo,
1153 2693 1345 2812 quotidie
1373 2727 1398 2782 e
1428 2701 1518 2783 foro
1548 2699 1708 2786 adlatas
1742 2702 1944 2788 conferre·

235 2855 424 2974 possim5
478 2853 578 2940 satis
606 2851 716 2940 mihi
743 2849 894 2936 videor
921 2848 1181 2934 auctoritatis
1207 2846 1391 2955 habere,
1433 2874 1481 2936 ut
1509 2850 1743 2953 affirmem,
1791 2883 1938 2942 omnes
1997 2837 2005 2848 ⁸

235 3011 502 3096 diversarum
529 3006 745 3122 regionem
773 3033 895 3108 aves,
937 3033 1039 3120 quas
1076 3006 1313 3114 Bussenio
1353 3003 1583 3120 distiguere
1612 3005 1764 3114 libuit,
1806 3041 1937 3100 unam

240 3163 508 3277 eandemque
536 3191 625 3246 esse
652 3161 943 3276 Lagopodem,
974 3187 1100 3272 quam
1127 3155 1280 3264 etiam,
1307 3155 1502 3274 hyberno
1530 3149 1936 3280 maximetempore,

262 3311 473 3398 ectricum
499 3341 676 3399 numero
704 3335 747 3398 et
775 3310 916 3397 colore
945 3308 1106 3396 variare
1135 3339 1160 3394 e
1188 3311 1475 3428 descriptione
1504 3343 1528 3396 a
1556 3341 1625 3397 me
1654 3315 1752 3400 data
1779 3316 1940 3431 liquet3
2042 3299 2059 3322 ’

238 3468 359 3553 unde
398 3467 668 3578 Bussenius
702 3495 783 3551 nec
818 3468 1145 3552 Brissonium
1172 3487 1243 3549 aut
1275 3465 1668 3586 Willnglzbejum
1695 3471 1751 3554 ob
1777 3467 1940 3554 indica·

230 3643 333 3708 tum
372 3620 598 3708 rectricum
639 3649 862 3706 numerum
904 3615 1188 3744 reprebendre
1229 3619 1469 3723 debuisset,
1527 3623 1629 3707 dum
1656 3621 1748 3738 ipse
1776 3620 1941 3710 medias

230 3775 400 3862 caudae
429 3803 614 3891 pennas,
645 3803 752 3890 quae
781 3803 836 3858 ex
863 3769 1119 3858 intermedio
1147 3769 1230 3856 situ
1254 3771 1463 3887 genuinae
1491 3774 1690 3861 rectrices
1718 3797 1833 3872 sunt,
1863 3805 1939 3860 ne·

241 3924 393 4040 gligit,
422 3951 468 4012 et
494 3926 708 4044 duplicem
736 3956 970 4043 pennarum
998 3924 1045 4008 in
1072 3927 1205 4010 cauda
1233 3923 1426 4012 ordinem
1457 3925 1625 4030 statuit,
1656 3957 1832 4042 quorum
1847 3922 1940 4042 qui·

236 4079 356 4164 libet
390 4098 450 4186 ¹4·
479 4078 635 4197 plumis
663 4100 844 4184 constet,
874 4082 975 4165 dum
1002 4043 1173 4195 tegetes,
1190 4078 1403 4194 reliquae,
1445 4077 1738 4194 magnitudine
1768 4100 1813 4163 et
1838 4109 1939 4165 con·

234 4229 462 4332 sistentia,
492 4231 873 4318 multumamediis
887 4230 973 4317 illis
991 4231 1142 4348 pennis
1170 4232 1388 4318 differunt.
1446 4231 1649 4344 Quinimo
1677 4234 1946 4320 Linnaeus

234 4413 450 4490 errorem,
510 4416 594 4502 quo
621 4390 900 4499 Bufsonius
935 4393 981 4492 (l.
1010 4417 1046 4471 ca
1075 4419 1115 4502 p.
1146 4391 1256 4494 266.)
1296 4383 1465 4488 nititur,
1522 4382 1569 4468 in
1596 4383 1737 4500 priore
1774 4386 1942 4472 Faunae

229 4539 435 4624 Suecicoe
462 4536 653 4626 editione
692 4538 814 4638 circa,
841 4536 1134 4624 definitionem
1168 4535 1407 4656 Lagopodis
1447 4535 1736 4642 commissum,
1782 4536 1943 4625 dudum

295 4759 358 4866 (⁴)
385 4765 578 4858 Plerosque
604 4772 681 4862 ejus
716 4773 813 4838 circa
847 4767 941 4836 hanc
981 4789 1088 4838 avem
1113 4767 1415 4838 hallucinationes
1442 4769 1663 4856 comparatis
1689 4765 1946 4858 speciminibus

379 4891 604 4960 Americanis
643 4912 726 4960 cum
766 4896 975 4982 Ptarmigan
1010 4895 1173 4978 scotiae,
1217 4896 1379 4962 correxit
1414 4885 1543 4960 Dainas
1580 4883 1611 4959 B
1620 4901 1843 4976 errington
1880 4903 1945 4960 act.

381 5013 469 5100 angl.
501 5007 744 5086 v01.lxttl.
773 5033 808 5106 p.
835 5032 914 5100 224.
