4770 6042
1013 479 1164 536 ΕΞ
1863 471 1924 562 43

317 728 435 817 207.
497 668 935 802 nunnnrzs
988 705 1222 798 rustica.
1281 706 1413 852 rna.
1472 701 1660 805 xtra.
1687 697 1853 836 fias.

371 989 420 1068 Ε.
448 983 589 1100 capite
616 982 758 1098 nigro,
789 981 929 1098 strigis
955 978 1090 1067 tribus
1111 979 1488 1095 longitudinalibus
1518 982 1646 1094 albis,
1676 985 1927 1075 rectricibus

233 1169 261 1220 a
289 1133 464 1222 extimis
492 1135 620 1220 100010
648 1135 820 1251 obliqua
851 1137 959 1222 alba.

454 1287 710 1374 Hortulanus
714 1286 1024 1404 atricapillus,
1070 1294 1200 1376 ductu
1228 1286 1493 1405 supraeiliari
1522 1289 1642 1393 albo,
1680 1311 1830 1404 torque
1858 1320 1926 1374 ru-

511 1437 710 1552 bigineo,
742 1436 901 1544 minor,
931 1444 1213 1528 Messerscbm.
1244 1443 1450 1553 Hocleyet.
1478 1443 1568 1596 MS
1604 1459 1718 1552 1724.
1748 1445 1883 1559 April.

455 1592 611 1676 Pallas.
640 1599 728 1676 itin.
758 1595 835 1675 111.
864 1596 1039 1709 append.
1070 1627 1112 1711 p
1142 1608 1236 1702 698.
1265 1625 1306 1677 η.
1337 1629 1403 1680 00.

374 1741 558 1857 Copiose
614 1744 668 1827 ad
717 1741 865 1828 fluvios
916 1745 1334 1832 transba'r'calensium
1389 1743 1632 1858 regionum,
1700 1747 1929 1860 Selengae,

231 1899 374 1999 Udae,
419 1892 593 2000 Oniten,
638 1896 832 2000 Condae,
873 1895 1054 2002 Chilok‚
1085 1906 1169 2012 jam
1199 1895 1356 1982 Martio
1386 1926 1529 1981 mense
1560 1920 1732 2013 apparet
1759 1898 1805 1982 in
1834 1897 1929 1984 sali·

230 2046 361 2152 cetis,
402 2044 449 2130 in
478 2045 561 2135 hoc
591 2077 744 2162 genere
774 2048 1021 2134 nostratium
1049 2050 1246 2154 minima,
1300 2047 1484 2163 copiosis
1520 2046 1767 2134 Schoenicli
1794 2048 1930 2166 gregi·

232 2206 314 2290 bus
341 2198 469 2286 rarius
498 2229 541 2285 se
568 2199 830 2295 immiscens.
887 2207 936 2288 ln
963 2225 1074 2287 terra
1095 2201 1393 2315 arboribusque
1423 2228 1522 2286 rere
1552 2201 1748 2286 considet
1777 2202 1927 2287 cantil-

232 2355 340 2442 lans.
374 2405 422 2423 -
480 2359 598 2437 Voce
627 2375 672 2438 et
700 2354 841 2437 volatu
867 2359 918 2439 E.
949 2353 1051 2440 Ciae
1081 2352 1255 2458 similis,
1304 2353 1416 2437 inter
1446 2355 1627 2438 eandem
1655 2376 1699 2438 et
1726 2349 1933 2438 Schoeni-

232 2507 349 2594 clum
374 2504 496 2621 quasi
537 2502 690 2590 media.
760 2508 789 2590 S
797 2513 1020 2594 tellcrus
1056 2503 1189 2592 etiam
1230 2503 1277 2592 in
1315 2501 1613 2593 Camtschntca
1649 2511 1765 2620 Maj0
1806 2506 1933 2590 advo·

233 2659 397 2748 lentem
426 2657 677 2744 observavit.

375 2812 549 2896 Descr.
591 2809 842 2930 Magnitudo
883 2815 1010 2932 paulo
1066 2814 1175 2900 infra
1215 2811 1529 2902 Schoeniclum.
1614 2814 1808 2898 Rostrum
1847 2809 1932 2894 fus·

230 2993 417 3067 0000000,
447 2963 575 3079 paulo
603 2961 788 3070 crassius,
826 2967 1094 3086 longiusque.
1151 2969 1290 3083 Caput
1318 2966 1477 3054 vertice
1504 2988 1610 3068 0000,
1639 2961 1930 3076 lateribusque
2043 2961 2046 2980 '

233 3117 346 3202 10100
374 3117 520 3202 000100
545 3113 843 3230 nigerrimum,
901 3121 1140 3236 plumarum
1167 3119 1251 3206 oris
1278 3119 1325 3204 in
1351 3120 1489 3206 fronte
1527 3114 1726 3234 pallidis;
1780 3115 1933 3199 Nuclra

235 3271 337 3356 albo
363 3266 602 3383 variegata3
634 3271 776 3379 foscio
813 3271 1115 3389 supraocularis
1144 3305 1168 3358 a
1196 3294 1330 3358 rostro
1359 3274 1413 3358 ad
1440 3295 1631 3386 tempora
1660 3267 1775 3370 alba,
1804 3262 1933 3350 tertia

235 3421 505 3509 intermedia.
576 3425 698 3504 Hunc
727 3420 891 3536 pileum
919 3423 1180 3541 variegatum
1206 3447 1382 3538 uterque
1412 3453 1534 3509 sexus
1562 3419 1730 3534 erigunt
1766 3419 1854 3502 1000
1884 3435 1932 3500 00

239 3573 443 3662 Galerita.
515 3573 623 3658 Gula
652 3571 737 3659 late
767 3577 881 3680 alba,
931 3576 1129 3693 utrinque
1166 3599 1303 3664 tractu
1342 3599 1594 3692 punctorum
1630 3565 1933 3686 longitndinali

236 3730 370 3815 10000.
441 3730 592 3812 Cernis
632 3728 902 3812 transversim
940 3729 1193 3843 ferruginea.
1262 3735 1456 3841 Iugulum
1496 3722 1671 3812 maculis
1709 3719 1934 3837 sagittatis,

236 3883 371 3969 latera
399 3878 616 3995 oblongis,
659 3878 900 3995 ferrugineo
915 3931 929 3950 -
943 3883 1053 3970 rufis.
1125 3887 1297 3969 Macula
1324 3884 1439 3966 fusca
1466 3877 1513 3964 in
1543 3877 1637 3964 sinu
1665 3877 1797 3961 sterni
1823 3873 1933 3991 ipso,

238 4034 287 4120 in
315 4033 497 4120 maribus
525 4029 667 4116 rarior.
745 4036 897 4121 000010
937 4064 1034 4120 cum
1060 4034 1188 4120 initio
1217 4034 1329 4120 dorsi
1357 4055 1401 4118 et
1427 4041 1680 4146 uropygium
1721 4059 1819 4115 cunr
1846 4049 1934 4112 tee-

239 4185 415 4272 tricibus
444 4153 601 4271 caudae
629 4183 794 4270 intense
824 4188 916 4271 0010
930 4237 944 4252 -
959 4187 1215 4303 ferruginea,
1246 4184 1330 4272 oris
1358 4186 1597 4303 plumarum
1625 4179 1823 4299 pallidis;
1843 4185 1934 4288 jos·

238 4347 309 4424 cia
337 4338 536 4425 concolor
563 4336 753 4450 jugulum
781 4337 968 4454 cingens.
1026 4345 1207 4428 Dorsum
1233 4338 1346 4440 inter
1375 4338 1459 4424 alas
1489 4333 1645 4454 plumis
1673 4326 1936 4446 ferrugineis,

240 4489 386 4576 medio
414 4490 559 4605 nigris.
632 4489 782 4575 Subtus
812 4493 900 4578 avis
930 4495 1026 4579 alba
1039 4531 1053 4591 ,·
1097 4494 1409 4606 hypoclrondrr'a
1435 4487 1674 4604 ferrugineo
1702 4479 1938 4596 longitudi-

240 4641 396 4727 naliter
424 4643 658 4747 maculata,
700 4664 748 4727 ut
774 4665 819 4728 et
844 4646 1029 4760 pectoris
1057 4649 1203 4732 latera.
1262 4651 1372 4730 Alae
1400 4641 1491 4727 basi
1519 4637 1799 4752 ferrugineas,
1843 4635 1936 4717 sub·

239 4815 307 4878 tus
337 4793 477 4898 albae,
522 4793 710 4910 margine
740 4799 885 4884 fusco·
904 4801 1120 4885 undulato.
1195 4800 1396 4884 Tectrices
1433 4790 1622 4906 margine
1662 4785 1937 4901 ferrugineas,

235 4941 462 5063 primariae
490 4969 583 5035 toto
611 4945 732 5067 apice
759 4951 918 5058 100000,
966 4949 1239 5048 secundariae
1264 4973 1309 5036 et
1333 4949 1627 5037 incumbentes
1655 4938 1776 5058 apice
1805 4939 1939 5042 albae,

1483 5108 1505 5154 ι
