4734 6070
995 540 1145 594 Ξ
1600 578 1602 584 =
1819 539 1903 624 14⁵

438 739 608 854 Ringed
638 741 817 847 Plorer,
856 739 1046 826 Lotham.
1092 773 1159 828 av.
1204 759 1252 835 V.
1282 775 1324 856 p.
1354 777 1446 829 aot.
1493 778 1532 832 n.
1563 759 1600 834 ὃ.
1658 749 1773 833 Zool.
1803 761 1905 829 arct.

497 896 553 978 Π.
582 928 623 1010 p.
653 913 749 999 401.

326 1043 501 1130 Rossice
530 1068 703 1161 propter
732 1047 888 1132 collare
918 1049 1231 1150 Galstuschnils,
1262 1046 1368 1134 item
1399 1052 1731 1150 Tscherrrosobils.

358 1195 481 1283 Circa
511 1204 687 1310 majores
715 1200 961 1315 praesertim
991 1199 1140 1285 fluvios
1182 1222 1226 1283 et
1266 1202 1380 1285 lacus
1415 1201 1544 1288 totius
1572 1203 1745 1288 Rossiae
1774 1223 1818 1285 et
1846 1198 1910 1284 Si-

220 1349 356 1440 biriae
385 1351 609 1461 frequens,
639 1383 733 1465 pars
762 1351 808 1438 in
836 1350 1201 1467 temperatioribus
1226 1353 1485 1467 promicans,
1516 1386 1610 1470 pars
1640 1357 1693 1440 ad
1721 1349 1913 1468 regiones

218 1503 394 1590 arcticas
421 1502 552 1584 nudas
583 1500 792 1617 migrans,
843 1527 888 1590 et
916 1501 1023 1590 haec
1053 1502 1225 1619 quidem
1253 1501 1397 1590 evadit
1438 1513 1570 1620 major
1609 1530 1654 1592 et
1679 1489 1912 1623 pulchrior.

221 1663 270 1742 In
300 1651 467 1739 arcticis
496 1675 591 1737 sunt
620 1637 936 1769 copiosissimae
965 1654 1229 1760 Hiaticulae,
1272 1654 1401 1741 etiam
1444 1656 1491 1742 in
1530 1658 1622 1775 ipsa
1649 1691 1721 1745 ora
1756 1653 1915 1742 mariti·

224 1841 307 1896 ma.
366 1803 509 1892 Currit
538 1803 783 1912 celerrime,
827 1835 904 1924 per
930 1806 1155 1893 intervalla
1183 1805 1409 1894 subsistens
1438 1832 1482 1894 et
1509 1819 1732 1926 conjugem
1760 1839 1914 1896 vocans

224 1989 330 2048 voce
361 1956 577 2072 singulari.

358 2115 530 2198 Descr.
560 2113 810 2225 Magnitudo
837 2115 1029 2200 Alaudae
1058 2117 1328 2226 majusculae.
1380 2119 1574 2204 Rostrum
1602 2091 1803 2231 nigrum.
1823 2113 1916 2201 basi

223 2271 433 2356 lutescens
461 2264 532 2350 vel
559 2265 783 2382 pallidum.
837 2270 967 2355 Pedes
994 2267 1148 2382 grymi,
1177 2298 1261 2354 non
1292 2274 1360 2379 (ut
1386 2274 1645 2356 Linrraeus
1673 2266 1818 2378 habet)
1848 2297 1918 2351 ru-

225 2419 307 2508 bri.
364 2417 595 2505 Oculorum
623 2421 746 2504 irides
773 2422 1099 2522 lusco-luteae3
1125 2413 1360 2538 ‘palpebrae
1401 2421 1587 2535 undique
1628 2421 1763 2506 limbo
1790 2421 1918 2524 laxe,

225 2571 375 2676 molli,
404 2570 645 2684 turgidulo,
688 2594 865 2658 cutaceo
893 2570 1037 2657 citrini
1065 2572 1243 2677 coloris,
1288 2575 1401 2660 intus
1430 2575 1583 2662 fuscae.
1652 2575 1763 2658 Loro
1796 2601 1921 2687 supra

227 2747 408 2812 rostrum
435 2721 595 2808 isthmo
625 2733 844 2829 connexa,
874 2723 1022 2839 nigra,
1062 2755 1173 2841 pone
1202 2728 1346 2812 oculos
1374 2726 1421 2812 in
1451 2755 1589 2838 aream
1618 2727 1787 2812 ovalem
1814 2721 1922 2809 dila-

225 2901 314 2964 tata
332 2913 343 2980 ;
363 2881 504 2989 foscio
531 2876 615 2960 alia
641 2876 761 2991 nigra
788 2877 902 2962 inter
929 2878 1073 2962 oculos
1101 2899 1346 2964 transversa.
1385 2878 1643 2965 Intermedia
1661 2883 1783 2990 frons
1811 2875 1920 2963 alba.

227 3036 381 3120 cerata
411 3059 514 3114 zona
543 3030 655 3134 lata,
685 3051 943 3145 transversa,
974 3031 1083 3115 alba.
1113 3045 1136 3119 5
1167 3028 1269 3117 hinc
1298 3053 1459 3149 torques
1487 3054 1575 3116 atra
1614 3033 1689 3116 sub
1719 3029 1840 3116 collo'
1860 3027 1931 3116 di·'

225 3186 373 3271 letata.
431 3182 614 3296 Reliqua
640 3213 766 3300 supro
794 3185 910 3270 fusco
925 3183 1148 3282 -cinerea,
1176 3185 1318 3272 subtus
1357 3185 1551 3271 candida.
1633 3186 1825 3297 demiges
1864 3204 1924 3267 te-

230 3335 465 3451 etricesque
494 3336 660 3440 fuscae,
690 3334 852 3422 extima
880 3333 1032 3422 rhachi
1062 3335 1181 3440 alba,
1210 3335 1421 3454 reliquae,
1450 3335 1698 3455 praesertim
1726 3337 1926 3420 secunda·

234 3489 352 3595 riae,
383 3485 504 3604 apice
534 3485 716 3573 albidas.
776 3490 1041 3605 Uropygium
1069 3493 1156 3577 fere
1183 3512 1321 3576 totum
1350 3493 1477 3576 albet.
1550 3489 1699 3577 Coudo
1727 3491 1926 3574 obrotun·

140 3601 163 3646 e
232 3645 314 3746 da3
343 3647 531 3730 rectrices
556 3639 835 3726 intermediae
864 3655 903 3728 6.
931 3641 1210 3756 nigricantes,
1264 3668 1515 3760 praeterque
1546 3639 1706 3727 medias
1732 3641 1854 3756 apice
1869 3637 1927 3723 al·

231 3799 343 3896 bae3
372 3798 563 3881 laterales
596 3794 718 3879 albae
746 3796 888 3881 areola
913 3797 1028 3882 fusca
1057 3827 1197 3882 versus
1225 3795 1405 3913 apicem.
1470 3797 1636 3881 Pondus
1674 3789 1927 3878 australiori-

233 3953 312 4036 bus
339 3947 414 4034 vix
442 3944 612 4032 unciam
640 3975 737 4032 cum
766 3944 967 4034 drachma
994 3947 1179 4033 excedit.
1246 3951 1439 4035 Mensura
1477 3981 1501 4034 a
1544 3943 1668 4034 rostri
1710 3943 1831 4059 apice
1872 3941 1926 4024 ad

236 4099 491 4219 uropygium
519 4107 586 4205 4“·
616 4106 694 4186 6“‘.
724 4103 847 4190 rostri
887 4103 941 4186 ad
977 4102 1160 4186 frontem
1189 4110 1302 4206 ἅμ”.
1331 4103 1489 4186 caudae
1522 4105 1585 4184 au.
1616 4105 1693 4185 Bm.
1750 4096 1929 4179 Alarum

240 4283 516 4371 expansarum
551 4257 637 4338 13‘l.
667 4259 745 4359 qm.
773 4255 899 4338 ulnae
927 4261 994 4360 4“.
1023 4261 1101 4359 4¹⁴¹.
1128 4253 1329 4340 tibiarum
1362 4259 1462 4339 rom.
1490 4248 1617 4368 digiti
1645 4245 1779 4336 medii
1819 4250 1928 4336 blm.

243 4437 350 4526 quae
381 4403 526 4494 omnia
553 4403 599 4490 in
627 4405 867 4492 borealibus
895 4407 1022 4522 paulo
1049 4413 1219 4520 majora.

525 4653 642 4748 266.
732 4653 1291 4750 CHARADRIUS
1379 4630 1643 4748 minutus.

387 4872 437 4960 C.
465 4866 742 4980 tridactylus‚
768 4864 958 4956 cinereus
987 4898 1137 4987 gryseo
1164 4867 1411 4975 undulatus,
1441 4869 1584 4954 subtus
1612 4863 1751 4964 albus,
1782 4879 1931 4972 torque

247 5023 428 5114 cervicis
456 5023 577 5136 alba,
604 5017 740 5136 juguli
771 5019 901 5110 fusca.

1447 5209 1496 5286 ¹9
