4734 6070
1020 497 1171 558 Ε
1865 491 1949 586 91⁴

245 729 353 818 quae
378 703 544 821 plumas
571 683 749 816 quidem
771 696 1021 804 ordinarias,
1050 731 1137 788 non
1165 721 1371 810 setaceas,
1407 705 1482 791 sed
1501 705 1757 822 ‚plerumque
1783 728 1928 793 tamen

246 857 362 940 albas
389 877 549 969 gerunt.
607 861 713 941 Sunt
740 852 1212 970 autem'sapidissimae,
1240 855 1494 942 tenerrimae
1523 859 1671 964 carnis,
1700 859 1956 976 caponibus³

244 1008 321 1094 vix
347 1004 687 1124 posthabendae,
728 1030 773 1093 et
801 1009 1005 1091 femorum
1032 1006 1221 1091 crassitie
1247 1010 1621 1098 commendabiles.
1678 1019 1728 1096 In
1755 1019 1957 1097 mezano·

247 1161 398 1246 dormis
425 1158 562 1276 piloso
575 1159 801 1279 -Plumatis
830 1157 929 1270 vidi,
949 1155 1197 1242 varietatem
1224 1163 1568 1280 pentadactylam
1574 1226 1589 1267 ,
1608 1186 1855 1251 'constanter
1867 1159 1930 1248 sic

236 1334 574 1434 propagantem·
1137 1411 1138 1416 Ν

384 1467 425 1548 V
422 1473 575 1550 oristas
600 1471 630 1574 ζ.
659 1462 786 1550 variis
827 1463 874 1549 in
901 1463 1008 1550 locis
1035 1461 1145 1550 mihi
1172 1465 1314 1552 oblata
1343 1491 1430 1574 est,
1480 1470 1637 1588 plumis
1677 1465 1929 1571 rariusculis,

245 1617 425 1705 reversis
452 1638 497 1700 et
523 1617 761 1733 subcrispis,
790 1616 1038 1732 plerumque
1067 1617 1175 1703 albis
1203 1619 1272 1703 vel
1297 1618 1494 1722 cinereis,
1523 1647 1618 1728 cute
1648 1624 1787 1722 simul,
1814 1647 1932 1735 prae-

244 1763 392 1862 sertim
419 1771 554 1884 gallo,
601 1800 678 1886 per
703 1792 842 1854 totum
868 1800 1018 1885 corpus
1045 1769 1276 1861 ruberrima
1305 1775 1375 1858 vel
1402 1805 1621 1892 purpurea.
1691 1775 1748 1860 Hi
1773 1773 1932 1888 pluma·

246 1920 377 2009 tionis
403 1943 594 2038 tempore
621 1923 704 2010 toti
731 1923 817 2006 fere
844 1921 949 2008 nudi
975 1922 1196 2028 incedunt,
1226 1947 1339 2011 tetro
1368 1952 1551 2042 aspectu,
1580 1951 1627 2013 et
1656 1929 1725 2012 vel
1753 1929 1931 2038 degene,

246 2073 412 2163 ratione
440 2105 516 2191 per
543 2075 690 2178 clima,
732 2075 802 2159 vel
831 2037 1329 2194 enigripelti*varietate
1358 2101 1496 2166 ortum
1522 2077 1709 2164 trahunt.
1766 2073 1931 2189 (Varie

245 2251 379 2314 tatem
406 2227 614 2352 uropygio
637 2225 886 2312 destitutam
914 2259 1125 2343 nunquam
1154 2229 1247 2314 vidi
1272 2229 1319 2314 in
1347 2223 1529 2344 Rossia).

385 2381 427 2466 V
424 2389 575 2466 oristas
602 2417 634 2475 t·
665 2375 924 2493 auriginosa,
971 2380 1150 2494 pedibus
1179 2382 1316 2484 flavis,
1369 2405 1414 2467 et
1448 2406 1546 2470 cute
1574 2405 1814 2499 pestutum
1842 2407 1932 2467 cor·

245 2565 325 2654 pus
352 2531 507 2620 itidem
535 2536 663 2638 flava,
694 2533 806 2648 apud
834 2537 987 2616 Rossos
1015 2531 1354 2647 frequentissima
1373 2555 1464 2639 est,
1491 2535 1538 2620 in
1568 2563 1724 2650 genere
1751 2555 1828 2651 pto
1859 2535 1932 2618 de·

245 2688 329 2776 bili
357 2710 402 2773 et
427 2717 577 2802 parum
604 2682 744 2770 vivaci
773 2683 943 2785 habita3
981 2684 1192 2802 copiosius
1220 2687 1327 2772 forte
1354 2709 1445 2772 orta
1474 2690 1585 2804 apud
1612 2719 1688 2776 nos
1717 2722 1741 2772 a
1768 2689 1960 2772 morbo·

247 2873 294 2928 sa
321 2825 624 2926 constitutione
667 2860 869 2936 matrum,
912 2867 1013 2953 quas
1035 2867 1128 2954 per
1163 2839 1333 2952 longam
1361 2836 1561 2954 hyemem
1590 2843 1666 2928 sub
1691 2837 1935 2928 fornacibus

244 2996 494 3114 plerumque
520 2991 739 3120 conclusas
766 2989 902 3089 alunt,
931 2993 1035 3116 (quo
1063 2987 1198 3116 hepar
1222 2991 1446 3114 praecipue
1476 2995 1676 3080 affectum
1703 3015 1748 3078 et
1775 2987 1935 3104 hyeme

247 3147 326 3234 vix
352 3145 398 3230 in
425 3143 513 3228 ulle
541 3143 699 3260 gallina
728 3141 818 3228 esui
837 3129 988 3258 'aptum
1016 3143 1284 3256 observavi),
1314 3168 1362 3229 ut
1390 3145 1541 3231 mirum
1561 3147 1625 3231 ‘sit
1652 3147 1759 3232 ullas
1788 3143 1934 3234 vivere

247 3289 303 3386 eti
332 3298 462 3384 modo
485 3321 619 3413 posse,
646 3317 776 3410 quum
803 3311 928 3410 sa'epe
957 3325 1055 3380 vere
1069 3294 1184 3382 inde
1213 3299 1420 3413 prodeant
1447 3321 1562 3385 totae
1590 3297 1862 3416 pediculosae
1891 3316 1936 3382 et

247 3451 530 3569 deplumatae.
588 3451 673 3534 Sed
701 3445 836 3533 estin
864 3475 1018 3560 genere
1046 3449 1382 3536 robustissimum
1411 3453 1464 3536 ad
1492 3452 1636 3538 omnia
1666 3453 1843 3542 ferenda·
1866 3477 1935 3578 ges

247 3635 347 3710 nus,
375 3605 487 3691 unde
514 3597 592 3718 per
619 3599 761 3686 omnia
788 3599 960 3686 climata
988 3599 1174 3717 speciem
1203 3601 1522 3719 multiplicavit.

248 3811 253 3824 ·
388 3757 431 3840 V
426 3763 587 3841 arietes·
606 3765 647 3839 vl.
676 3752 862 3840 maxime
889 3751 936 3838 in
964 3753 1275 3840 australioribus
1304 3756 1503 3872 vulgaria,
1533 3787 1659 3874 saepe
1686 3787 1711 3842 e
1738 3756 1858 3871 nigre
1890 3775 1936 3840 et

250 3909 348 4006 albe
375 3931 550 4026 parente
575 3929 800 4025 prognata,
830 3905 1016 3992 maxime
1044 3905 1269 4023 singularis
1292 3905 1402 3993 mihi
1431 3907 1519 3996 visa
1547 3931 1630 4012 est,
1648 3989 1652 3996 ,
1669 3932 1840 4026 propter
1867 3940 1935 3992 va·

249 4060 529 4178 riegationem
566 4084 842 4148 transversam
870 4089 944 4146 seu
969 4061 1196 4167 doliatam,
1247 4092 1345 4147 cum
1372 4061 1513 4178 potius
1541 4073 1701 4176 guttat'a
1727 4084 1772 4145 et
1799 4091 1937 4144 macu-

250 4214 343 4300 losa
368 4213 485 4302 omni
505 4211 776 4301 Gallinamm
802 4211 922 4330 plebi
949 4213 1150 4300 solemnis
1176 4215 1244 4301 sit.
1309 4220 1383 4300 Est
1411 4213 1517 4300 haec
1545 4217 1725 4298 varietas
1753 4212 1937 4329 plerum=

247 4397 333 4484 que
377 4367 547 4454 cinereo
560 4363 582 4434 -’
590 4369 790 4479 fuscoque
829 4397 906 4482 per
946 4396 1072 4452 omne
1111 4397 1260 4484 corpus
1302 4365 1484 4471 doliata,
1540 4364 1587 4452 in
1614 4365 1768 4450 Tauria
1805 4362 1937 4450 etiam

247 4517 404 4608 dantur
428 4519 600 4634 insuper
625 4517 753 4602 luteis'
782 4519 909 4632 guttis
937 4521 1156 4636 adspersae
1185 4543 1229 4605 et
1256 4517 1593 4634 elegantissimae
1621 4517 1790 4635 pictae'

387 4676 577 4761 Vorletus
603 4707 639 4757 κ.
666 4645 856 4756 Tantum¹
886 4703 911 4757 a
950 4670 1133 4770 curiosis„
1150 4673 1306 4788 passim
1335 4673 1484 4772 alitur,
1521 4695 1564 4758 et
1582 4671 1721 4758 clima
1748 4690 1937 4757 nostrum

248 4831 372 4944 aegre
400 4829 507 4930 fert3
525 4847 748 4932 ²caeterum
776 4823 1107 4944 soecundissima‘
1127 4848 1173 4911 et
1198 4824 1465 4934 salacissima,
1503 4849 1551 4912 ut
1579 4847 1674 4910 sunt
1710 4822 1823 4938 galli·
1846 4827 1936 4935 ejus

248 4975 550 5114 pugnacissimi
579 4977 694 5070 inter
720 5007 867 5074 omnes
895 5003 940 5065 et
967 4963 1264 5070 audmissim'u.

1472 5143 1496 5190 Ο
