4696 6054
517 707 1590 876 HYDROPHILAE.

842 999 1255 1042 m

1361 1041 1365 1050 ι

344 1183 531 1272 Ultimus
556 1206 602 1272 et
629 1174 723 1272 fere
745 1185 1104 1275 numerosissimus
1132 1186 1298 1275 Alitum
1325 1191 1470 1291 Ordo,
1512 1213 1557 1276 et
1596 1195 1782 1280 Naturae
1819 1229 1891 1314 ap-

203 1339 341 1458 prime
369 1361 695 1443 consentaneus,
724 1338 909 1457 ideoque
937 1338 1137 1426 unanimo
1164 1341 1253 1426 rere
1281 1339 1661 1459 Ornithologorum
1687 1376 1893 1434 consensu

206 1494 474 1579 confirmatus
501 1513 565 1577 est
591 1494 743 1578 Avium
772 1505 1056 1612 aquaticorum
1083 1524 1156 1579 seu
1184 1491 1558 1610 Hydrophilarum,
1588 1525 1695 1611 quae
1721 1521 1892 1586 sonetu-

201 1677 254 1731 τα
280 1645 431 1762 pedum
456 1641 589 1759 magis
616 1647 804 1752 natatui,
833 1678 958 1762 quam
986 1645 1191 1762 ingressui
1232 1645 1421 1736 insieco
1449 1648 1540 1734 solo
1577 1671 1769 1764 aptorum
1796 1681 1894 1738 con·

206 1795 385 1887 veniunt
412 1825 587 1900 omnes,
616 1795 842 1916 pleraeque
875 1765 1151 1918 palmipedes,
1189 1799 1337 1920 digitis
1365 1800 1438 1886 vel
1462 1797 1620 1907 tribus,
1661 1804 1732 1887 rel
1759 1804 1893 1888 omni·
2012 1851 2023 1879 ι

204 1949 283 2037 bus
312 1953 475 2063 integra
503 1950 747 2036 membrana
775 1951 1004 2058 connexis,
1046 1984 1206 2071 paucae
1247 1952 1495 2069 lobipedes,
1530 1976 1580 2038 ut
1606 1983 1630 2038 e
1659 1945 1895 2044 Grallarum

206 2100 357 2188 ordine
385 2099 555 2186 Fulicae
584 2123 628 2185 et
655 2098 906 2221 Phalaropi,
937 2105 1103 2192 diversa
1129 2131 1275 2193 tamen
1303 2105 1564 2220 aliquantum
1600 2106 1896 2194 conformatio·

205 2283 274 2338 ne.
330 2257 479 2340 Rostro
506 2252 552 2338 in
580 2252 664 2340 hoc
693 2255 841 2342 ordine
872 2260 1099 2343 admodum
1126 2259 1314 2363 variant,
1355 2280 1402 2340 ut
1441 2258 1579 2342 nullus
1607 2257 1768 2372 ordinis
1796 2259 1895 2346 cha-

204 2409 342 2493 racter
366 2404 467 2490 inde
497 2405 661 2492 desumi
686 2405 845 2524 possit,
887 2431 931 2494 et
959 2409 1077 2526 quasi
1103 2409 1286 2524 reliquos
1301 2408 1482 2496 'ordines
1512 2409 1714 2494 aemulari
1749 2410 1896 2498 viden·
1928 2407 1932 2414 ’

206 2581 298 2664 tur,
338 2581 386 2644 ut
423 2561 673 2646 Diomedeae
702 2582 747 2644 et
773 2539 1043 2648 Catorroctae
1077 2567 1292 2678 Rapaces,
1333 2565 1456 2667 Lari,
1498 2564 1692 2664 Sternae,
1733 2563 1893 2666 Aleae,

208 2715 368 2829 Ceppbi
399 2733 444 2796 et
471 2712 667 2826 Colymbi
694 2711 889 2815 Oscines,
923 2715 1049 2801 Uriae
1076 2710 1397 2814 Pulveratrices,
1424 2716 1592 2800 Lundoe
1620 2720 1821 2818 Passeres,
1851 2737 1897 2802 et

206 2866 380 2952 tandem
407 2875 700 2952 serratirostrr'a
722 2899 876 2982 genera
903 2863 1289 2984 Phoenicopterum
1317 2889 1361 2952 et
1387 2867 1617 2953 Plateleam
1641 2866 1756 2953 inter
1769 2869 1898 2954 ,Gral-

208 3019 271 3104 las
298 3017 491 3104 referant.
562 3018 718 3104 Contra
759 3018 805 3104 in
842 3016 994 3106 habitu
1031 3017 1219 3136 corporis
1258 3041 1303 3104 et
1340 3019 1453 3105 vitae
1494 3047 1648 3134 genere
1683 3049 1735 3108 eo
1764 3018 1898 3136 magis

207 3168 469 3258 conveniunt
492 3168 605 3256 inter
630 3199 674 3256 se
703 3173 1017 3288 Hydropbilae;
1054 3173 1220 3258 babitu:
1262 3179 1369 3258 collo
1397 3170 1688 3287 longiusculo;
1728 3203 1898 3289 corpore

207 3328 320 3430 lato,
347 3321 524 3442 pingui,
554 3327 697 3410 subtus
722 3357 801 3443 pro
829 3325 1044 3412 natatione
1072 3324 1204 3410 instar
1229 3323 1348 3410 navis
1375 3351 1587 3429 convexo,
1619 3331 1771 3442 pluim's
1796 3327 1898 3411 den·

207 3477 381 3565 cissimis
407 3477 587 3583 oleosis,
617 3475 919 3566 humiditatem
948 3509 1118 3566 omnem
1144 3475 1413 3576 arcentibus,
1450 3477 1660 3579 eleaticis,
1695 3478 1813 3593 larga
1839 3479 1899 3562 la·

208 3631 365 3747 nugine
392 3629 625 3734 sufferatis,
653 3655 830 3750 operto;
858 3633 1029 3748 pedibus
1056 3631 1103 3718 in
1129 3630 1335 3750 posticam
1363 3653 1529 3748 partem
1556 3631 1898 3749 corporisremo·

209 3783 414 3884 rioribus,
440 3805 488 3870 ut
513 3785 788 3900 gubernaculi
802 3785 946 3872 instar
972 3783 1283 3898 subremigant3
1324 3786 1475 3872 Corda
1509 3785 1630 3880 brevi
1667 3781 1896 3901 plerisque.

209 3941 253 4028 V
249 3949 331 4025 ttae
354 3970 486 4054 genus
526 3937 792 4055 aquaticum,
831 3941 944 4026 unde
984 3959 1029 4024 et
1069 3936 1318 4022 alimentum
1357 3938 1445 4022 fere
1473 3935 1693 4040 omnibus,
1737 3957 1782 4020 et
1808 3935 1898 4018 fere

209 4114 373 4178 tantum
399 4089 524 4178 nidos
551 4114 595 4176 et
621 4092 780 4182 cubilia
807 4093 854 4178 in
880 4094 994 4180 sicco
1022 4111 1249 4208 quaerunt;
1278 4099 1445 4206 nuptiae
1473 4115 1779 4202 ·monogamae;
1818 4115 1900 4172 ooo

211 4275 363 4360 magns
389 4247 610 4346 omnibus3
639 4255 743 4364 pulli
770 4245 912 4332 statim
940 4248 992 4332 ab
1021 4275 1103 4332 ovo
1130 4265 1278 4336 natant
1290 4305 1304 4344 ,
1330 4241 1529 4356 lanugine
1558 4241 1612 4326 ad
1645 4270 1740 4326 eum
1769 4241 1900 4328 finem

212 4399 354 4484 oleosa
382 4395 535 4515 operti.
606 4405 656 4486 In
681 4397 896 4516 polaribus
940 4395 1210 4513 regionibus,
1244 4397 1320 4482 ubi
1350 4393 1482 4480 maria
1519 4417 1565 4479 et
1586 4423 1724 4510 aquae
1752 4394 1901 4479 dulces

212 4547 373 4666 hyeme
401 4549 740 4668 congloriemur,
759 4561 1036 4667 ‚nrigrotorioe
1062 4579 1233 4656 omnes,
1268 4551 1363 4636 loca
1390 4569 1540 4664 petunt
1567 4546 1643 4635 ubi
1669 4541 1901 4662 temperies

213 4703 361 4792 mitior
386 4727 430 4791 et
458 4735 590 4821 aquae
620 4703 980 4810 mediterraneae,
1022 4705 1092 4789 vel
1120 4701 1246 4788 maris
1262 4701 1388 4788 ’sinus
1427 4730 1513 4787 non
1545 4699 1812 4814 glaciantur,
1855 4715 1922 4780 et·

210 4856 518 4946 nutrimentum
543 4861 738 4966 ostanus,
767 4857 892 4945 simul
916 4886 1090 4973 corpora
1115 4857 1256 4942 lavare
1275 4852 1547 4973 permittunt:
1577 4851 1756 4937 humido
1784 4847 1902 4934 enim

212 5013 412 5127 gaudem.
481 5011 1002 5102 Vostmdsmomnibus
1027 5005 1500 5118 clamor-insonditua,
1535 5027 1686 5094 cantus
1705 5001 1904 5114 munim

1407 5195 1460 5278 ²7
