4734 6070
1013 451 1163 508 Ε
1835 462 1918 550 171

238 659 395 750 abillo
423 657 587 747 relatas.
654 659 770 744 Inter
796 663 883 771 ejus
914 654 1109 768 Tryngas
1137 677 1181 740 et
1206 657 1457 773 Scolopoces.
1476 689 1603 768 vero,
1630 695 1785 781 =neque
1814 665 1925 754 Cha·

238 839 424 912 ractere‚
452 843 531 898 nec
560 811 751 920 habitu,¹
767 808 925 895 limites
953 807 1137 892 inveniri
1164 834 1363 924 possunt,
1392 838 1627 930 propterea,
1655 821 1769 932 quod
1796 818 1927 904 inter·

237 967 424 1054 medium
455 995 583 1082 genus
611 970 820 1062 Limosue,
858 995 882 1046 a
909 965 1177 1047 Brissonio
1207 985 1321 1048 recte
1358 967 1628 1081 adoptatum,
1666 970 1927 1084 distinguere

236 1119 388 1206 noluit.
474 1127 522 1206 In
551 1118 635 1206 hoc
664 1118 793 1232 igitur
819 1119 1080 1232 Brissoniumk
1100 1114 1219 1230 sequi
1247 1116 1403 1201 maluit
1453 1122 1645 1234 quamvis
1674 1122 1790 1209 enim
1819 1122 1928 1209 haee

237 1271 319 1360 tria
348 1301 500 1386 genera
529 1303 731 1388 perquam
758 1268 941 1354 interae
972 1263 1111 1350 affinia
1140 1265 1255 1370 sint,
1299 1292 1442 1356 tamen
1472 1274 1634 1387 aliquos
1663 1275 1927 1360 characteres

235 1425 428 1543 proprios
454 1425 499 1509 in
528 1424 801 1540 proportione
831 1445 875 1508 et
902 1421 1033 1506 forma
1061 1420 1185 1504 rostri
1214 1447 1465 1536 agnoscunt,
1502 1425 1654 1541 quibus
1682 1459 1927 1516 numerosae

237 1609 380 1664 earum
408 1601 452 1663 et
479 1607 562 1664 non
590 1579 680 1664 sine
715 1573 908 1662 molestia
939 1572 1260 1685 distinguendae
1288 1575 1451 1690 species
1477 1579 1643 1664 facilius
1672 1581 1808 1697 digeri
1834 1613 1930 1699 pos·

237 1753 347 1818 tunt.
416 1729 643 1846 Distinguo
671 1729 801 1815 etiarn
828 1758 924 1814 curn
952 1729 1161 1812 Bn'ssonio
1191 1723 1471 1843 Phalaropos,
1515 1736 1745 1820 aLinnaeo
1773 1735 1930 1822 leviori

237 1883 370 1976 etiam
401 1885 671 1969 fundamento
699 1879 881 1996 Tryngis
910 1881 1109 1993 adjectos.
1177 1885 1212 1964 E
1242 1882 1401 1968 duobus
1429 1882 1560 1998 igitur
1585 1890 1806 1998 generibus
1835 1892 1932 1973 Lin-

237 2045 354 2134 naei,
396 2037 672 2151 Scolopacum
698 2056 742 2119 et
767 2039 1056 2149 Tryngarum‚
1101 2053 1268 2147 praeter
1294 2036 1445 2120 relatas
1473 2040 1526 2122 ad
1554 2037 1809 2130 Charadrios
1838 2071 1930 2156 spe.

239 2187 357 2292 cies,
386 2211 509 2274 errata
539 2213 634 2274 sunt
660 2209 857 2302 quatuor:
887 2189 1152 2300 Scolopacis,
1182 2189 1400 2294 temesae,
1434 2191 1632 2308 Tryngae
1659 2216 1706 2280 et
1731 2195 1931 2282 Phalara.

240 2351 311 2460 pt,
341 2375 365 2428 a
391 2346 600 2428 Brissom'o
628 2362 742 2428 recte
772 2336 1065 2424 determinata.

562 2599 679 2712 284.
762 2585 1210 2682 scotoanx
1278 2589 1603 2687 aestuata.

382 2805 423 2888 S.
451 2799 562 2886 facie
592 2799 752 2918 pallida
780 2798 881 2884 loris
908 2797 1058 2896 fuscis,
1113 2823 1289 2914 corpote
1316 2829 1438 2916 supra
1466 2801 1728 2920 ferrugineo,
1785 2804 1931 2891 subtus

237 2955 432 3076 pallido,
458 2953 724 3040 transversim
755 2951 929 3038 fasciato
958 2949 1201 3062 striatoque.

462 3111 672 3223 Scolopax
709 3135 782 3190 seu
810 3102 1028 3189 Rusticola
1061 3123 1302 3210 auctorum,
1358 3108 1537 3195 Brittan.
1566 3139 1653 3196 ortt.
1682 3111 1734 3198 V.
1763 3141 1804 3226 p.
1835 3141 1930 3218 29²·

522 3293 584 3378 sp.
619 3299 652 3346 ι.
706 3260 847 3346 Albin.
877 3287 944 3342 αν.
972 3259 1007 3338 Ι.
1035 3289 1077 3372 ρ.
1107 3271 1174 3366 67.
1204 3259 1289 3344 tob.
1319 3293 1386 3368 70.

462 3413 686 3502 Rusticola
717 3439 790 3495 seu
818 3410 1028 3526 Scolopax
1056 3409 1265 3516 maxima,
1308 3414 1464 3498 Frisch.
1492 3445 1560 3500 av.
1589 3414 1675 3502 tub.
1706 3427 1799 3502 aas.
1829 3441 1933 3500 mas.

520 3603 609 3678 227.
638 3563 822 3666 femina3
851 3561 1043 3678 pulchre.

463 3721 673 3838 Scolopax
699 3715 939 3819 Rusticula‚
967 3699 1057 3800 Lin.
1086 3735 1190 3828 syst.
1219 3718 1319 3801 XII.
1345 3721 1380 3804 L
1409 3751 1450 3835 p.
1482 3733 1575 3825 243.
1602 3753 1665 3838 sp.
1698 3735 1740 3809 6.

464 3875 735 3976 Woodcock,
766 3871 888 3958 Pena.
915 3868 1035 3956 Zool.
1065 3869 1159 3955 brit.
1186 3871 1241 3954 H.
1270 3901 1310 3956 rt.
1346 3885 1435 3984 178.
1489 3877 1681 3960 Latham.
1711 3905 1777 3960 au.
1810 3871 1860 3957 V.
1889 3905 1934 3990 p.

527 4061 615 4135 ¹29·
643 4057 706 4142 sp.
742 4061 775 4112 ι.

356 4185 516 4268 Rosso·
537 4177 761 4266 Slaronico
802 4179 971 4275 lomkur
1025 4175 1293 4264 venatoribus
1337 4176 1480 4266 Rossit
1520 4179 1648 4267 Sluka
1688 4175 1734 4263 in
1776 4172 1935 4265 Sibiria

411 4337 628 4430 Krechtun.
944 4395 977 4442 0

355 4483 520 4572 Tataris
552 4487 776 4584 Troketta·
803 4482 851 4572 in
879 4480 1036 4572 Sibiria
1063 4487 1340 4604 Chategatsch
1366 4505 1411 4570 et
1436 4486 1686 4604 Chategt'tuu
1698 4520 1714 4584 ,·
1742 4481 1938 4570 Teleutis

418 4643 701 4753 Charagatuu.

360 4789 550 4880 Ostiacis'
571 4792 623 4877 ad
651 4797 734 4877 Ket
760 4793 802 4877 fl.
833 4793 967 4878 Κάιυί.

389 4949 440 5030 Iu
467 4945 714 5036 australibus
742 4943 917 5034 Rossiae
946 4971 1046 5034 vere
1071 4965 1116 5034 et
1145 4965 1345 5036 autumno
1364 4943 1680 5072 transmigrans,
1710 4934 1867 5028 Martio
1890 4959 1936 5025 et

1480 5106 1503 5152 ί
