4734 6070
1002 438 1157 556 ’Β
1843 511 1928 596 179

350 701 495 797 Rossis
538 703 740 803 Salsaldm
777 704 823 790 in
863 701 1018 792 Sibiria
1058 673 1264 792 Audotlia
1304 705 1349 792 et'
1381 707 1589 798 Aodotia'
1618 709 1807 844 itemque
1849 711 1932 798 Ab·

410 859 620 953 duschlsat
649 861 702 944 ad
729 856 939 944 Jeniseam
966 859 1269 944 Sharebetsclzilr
1298 867 1316 972 (
1326 863 1556 976 Equulus).

354 1008 561 1124 Tungusis
587 1014 812 1125 Leglcllrun.
865 1010 1023 1096 locutis
1055 1011 1431 1126 Tsclzolttsclrougd.

379 1170 431 1248 In
456 1163 575 1276 omni
601 1164 750 1252 Rossia
780 1186 825 1250 et
851 1161 1006 1249 Sibiria
1033 1164 1261 1248 admodum
1289 1163 1472 1278 vulgaris
1508 1163 1553 1252 in
1582 1168 1748 1284 pascuis
1787 1191 1832 1256 et
1858 1135 1937 1255 cii·

244 1353 295 1410 ca
323 1349 474 1436 aquas,
504 1315 550 1402 in
578 1315 822 1432 temperatis
849 1314 1009 1433 pariter
1036 1337 1080 1400 et
1120 1312 1285 1428 frigidis
1313 1317 1566 1430 prolificans.
1637 1311 1842 1406 Omnium
1870 1351 1938 1407 co·

244 1470 483 1592 piosissima
510 1469 558 1554 in
586 1470 747 1585 campis
776 1467 1031 1554 Isetensibus
1059 1489 1103 1552 et
1129 1469 1453 1575 Barabensibus,
1483 1471 1653 1556 lacuum
1683 1470 1938 1558 abundantia

246 1621 532 1712 eminentibus
561 1645 605 1706 et
633 1624 792 1736 ubique
820 1621 866 1706 in
895 1617 1047 1736 apricis
1076 1622 1134 1710 ab,
1172 1618 1335 1706 oriente
1361 1621 1458 1737 Jugi
1485 1621 1701 1709 uralensis.
1773 1629 1814 1710 A
1856 1623 1940 1740 pri·

247 1777 320 1865 mo
347 1805 476 1878 vere,
521 1807 650 1890 quum
676 1803 753 1890 per
787 1773 905 1890 paria
945 1779 1245 1888 conjugantur,
1290 1795 1383 1860 toto
1424 1773 1708 1862 incubationis
1748 1763 1940 1892 tempore

247 1927 602 2030 clamosissimae,
634 1949 730 2012 ante
761 1925 1166 2042 adpropinquantem
1194 1924 1414 2012 hominem
1435 1924 1585 2043 inepto
1613 1931 1758 2016 volatu
1785 1950 1829 2014 et
1855 1914 1974 2012 taess'

248 2080 489 2170 diosissimo
519 2069 702 2166 fistulata
728 2079 878 2193 (quasi
906 2076 1124 2163 hinnitum
1151 2077 1260 2192 pulli
1299 2079 1445 2194 equini
1487 2082 1726 2194 referente)
1765 2081 1941 2166 circum·

250 2257 449 2351 vagantes
492 2256 537 2318 et
577 2231 855 2318 incommodi.
923 2229 1121 2316 Volantis
1149 2229 1279 2316 fascia
1308 2231 1468 2317 alarum
1498 2233 1617 2335 alba,
1659 2264 1756 2318 curn
1786 2229 1946 2318 albedi·
2070 2289 2074 2294 -

249 2421 304 2478 ue
333 2386 457 2506 proni
485 2383 672 2502 corporis
700 2414 868 2470 crucem
894 2385 1023 2468 refert
1034 2444 1050 2492 2
1077 2385 1189 2470 uude
1219 2383 1440 2470 Germanis
1467 2389 1778 2501 Kreuzschnepf.
1835 2385 1943 2490 Oua,

250 2563 420 2662 praeter
447 2539 632 2642 molem,
660 2520 778 2622 ittet
806 2537 951 2634 nidus,
979 2535 1198 2621 simillima
1226 2535 1329 2622 nido
1358 2557 1404 2620 et
1438 2536 1529 2622 ovis
1554 2537 1742 2624 Venelli.

392 2695 509 2780 Not.
539 2693 685 2776 Variat
713 2690 826 2776 collo
854 2717 1032 2802 grymo,
1061 2687 1288 2803 albidoque
1316 2689 1599 2775 subuudulato
1628 2691 1699 2776 rel
1725 2689 1944 2778 nebuloso.

255 2847 447 2938 Maxime
478 2871 654 2962 procera
679 2843 767 2928 fere
795 2840 842 2928 in
869 2870 944 2927 suo
971 2867 1141 2956 genere.

662 3123 778 3216 290.
870 3093 1188 3185 leosa
1260 3078 1542 3185 Glottis,
1716 3168 1720 3179 .

396 3315 445 3396 L.
474 3333 608 3400 rostro
637 3307 917 3400 adscendente
943 3306 1172 3408 subrubro,
1215 3301 1395 3420 pedibus
1437 3301 1609 3409 lividis,
1651 3309 1949 3420 corpore'gry·

258 3495 334 3558 seo
360 3466 476 3552 fusco
503 3463 690 3552 liturato.

481 3613 684 3704 Pluvialis
712 3621 867 3728 major,
896 3613 1037 3702 Albin.
1067 3607 1133 3700 aa.
1160 3613 1216 3696 Π.
1246 3643 1287 3724 p.
1316 3621 1385 3714 43.
1415 3609 1498 3694 tab.
1529 3621 1596 3716 69.
1623 3675 1626 3684 ·

481 3769 651 3858 Limosa
679 3795 829 3892 gryseo
857 3771 1016 3879 major,
1058 3768 1242 3850 Brisson.
1270 3795 1358 3850 om.
1388 3763 1438 3848 V.
1467 3795 1510 3876 p.
1541 3761 1634 3874 272.
1664 3761 1750 3846 tab.
1781 3777 1846 3863 ²4·
1863 3761 1950 3874 fig.

541 3958 580 4009 a.
608 3923 770 4010 Marsil.
802 3921 899 4006 don.
929 3919 980 4004 V.
1009 3919 1096 4006 tab.
1127 3951 1194 4002 nn.
1457 3915 1461 3925 ’
1733 3933 1736 3940 “

484 4085 630 4166 Lesser
660 4071 856 4177 Godwit‚
887 4074 1004 4162 Zool.
1033 4071 1126 4158 brit.
1156 4099 1197 4185 ρ.
1233 4101 1321 4152 rso.
1347 4099 1420 4182 sp.
1442 4081 1483 4154 3.
1513 4065 1597 4150 tab.
1625 4068 1678 4150 Β.

486 4231 696 4344 Scolopax
726 4227 904 4330 Glottis,
934 4231 1025 4311 Lin.
1053 4241 1158 4335 syst.
1187 4222 1284 4306 XII.
1314 4225 1348 4305 l.
1377 4223 1417 4336 ρ.
1448 4233 1542 4323 245.
1563 4215 1633 4338 ap.
1669 4249 1731 4301 ro.

283 4465 293 4497 ,
453 4369 788 4485 ’(ἱῐθεηεὴεηΙι,
818 4382 941 4502 Pena.
972 4385 1087 4466 Zool.
1118 4393 1219 4458 aret.
1248 4377 1375 4495 Hap.
1405 4388 1500 4479 469.
1543 4403 1583 4456 n.
1615 4383 1708 4481 379.
1764 4371 1956 4454 Latiam.

551 4536 1066 4649 wffipmmffl.
1409 4501 1515 4558 ⁵¹

409 4701 462 4780 In
490 4686 736 4778 australibus
764 4685 937 4771 Rossiae
948 4745 963 4784 ,
1003 4683 1116 4771 circa
1144 4685 1320 4793 majores
1360 4675 1535 4780 fluvios,
1578 4697 1785 4759 autumno·
1806 4677 1958 4807 turma·

268 4849 352 4938 tim
394 4811 592 4965 apparet:
649 4847 728 4926 Per
768 4836 969 4924 Sibiriam
1004 4831 1115 4920 milri
1156 4861 1243 4919 non
1281 4831 1380 4916 visa.
1459 4823 1733 4942 sapidissima
1775 4825 1865 4913 avis
1898 4824 1962 4911 in

271 5025 432 5121 patrna.
