4778 6044
998 441 1146 496 ff·-
1815 451 1899 533 301

217 647 339 736 noris
368 667 412 732 et
438 675 554 729 ramo
581 640 794 728 inferioris
822 671 951 758 usque
979 643 1033 728 ad
1059 641 1213 730 rictum
1239 644 1377 734 nudis.
1446 647 1555 737 Gula
1582 673 1671 738 tota
1697 651 1903 770 plumosa.

216 809 368 888 Forma
410 818 455 882 et
493 797 625 912 pedes
666 817 813 882 exacte
854 801 899 880 P.
943 795 1113 909 graculi.
1184 800 1344 913 Corpus
1371 797 1418 884 in
1447 801 1629 888 maribus
1658 789 1816 906 atrum,
1855 804 1904 894 iu

214 976 388 1070 pectore
416 973 460 1036 et
488 949 601 1035 collo
629 978 725 1034 cum
754 947 895 1062 aliquo
924 948 1075 1039 virore.
1145 949 1322 1036 Azorum
1361 951 1596 1038 vestitrices
1636 955 1903 1045 exsoletioris

216 1104 389 1205 coloris,
430 1101 618 1217 margine
661 1099 848 1216 undique
890 1123 1017 1190 atrae.
1088 1103 1214 1190 Circa
1248 1103 1393 1190 oculos
1420 1107 1636 1222 plumulae
1667 1138 1746 1193 ceu
1773 1115 1904 1194 aconti

219 1255 346 1372 sparsi
374 1257 506 1340 albae.
563 1259 657 1347 ,Per
685 1251 861 1356 collum,
907 1277 1074 1371 pectus,
1125 1257 1258 1340 latera
1286 1273 1437 1372 puncto
1465 1289 1605 1372 sparsa
1635 1260 1751 1365 alba,
1794 1285 1902 1375 quae

215 1407 445 1492 consistunt
474 1415 676 1523 penicillis
704 1405 890 1521 exiguis,
920 1410 1078 1494 setulas
1107 1406 1402 1508 tenuissimae,
1442 1408 1555 1494 inter
1580 1412 1743 1526 plumas
1771 1441 1901 1496 emer·

212 1557 331 1672 genti
361 1559 656 1682 insidentibus.
727 1563 917 1676 Remiges
945 1562 1052 1646 duae
1082 1559 1270 1644 extimae
1298 1582 1493 1646 extremo
1519 1585 1781 1676 angustatae,
1823 1561 1901 1650 mi·

211 1739 290 1796 nus
317 1731 482 1812 tamen,
512 1709 711 1826 quentin
739 1712 944 1799 Carbone.
1003 1715 1207 1798 Rectrices
1239 1743 1300 1796 ια.
1327 1712 1492 1830 rigidae
1518 1713 1565 1798 in
1593 1717 1725 1800 cauda
1752 1713 1900 1800 simili·

212 1883 279 1948 ter
305 1886 481 1949 cuneata
508 1885 553 1950 et
581 1865 795 1980 elongata,
845 1887 893 1950 ut
920 1862 1238 1979 congeneribus.
1311 1867 1474 1978 Unguis
1503 1865 1679 1951 secundi
1707 1866 1818 1951 acies
1847 1869 1902 1952 ad

210 2016 471 2119 rsermlata.
527 2017 750 2132 Specimen
779 2019 1042 2104 Gmeiinus
1062 2023 1149 2136 jun.
1182 2015 1323 2112 misit,
1375 2015 1446 2101 cui
1474 2020 1591 2104 color
1618 2021 1735 2103 fusco
1763 2018 1897 2132 niger,

211 2199 308 2255 cum
348 2167 563 2285 penicillis
607 2169 713 2256 albis
753 2168 1022 2284 sparsissimis
1066 2167 1178 2255 circa
1218 2170 1377 2254 collum
1418 2192 1462 2255 et
1488 2169 1534 2254 in
1561 2166 1903 2285 hypochondriis

208 2323 452 2425 foeminae,
495 2353 596 2435 quas
623 2319 756 2409 habui
782 2343 897 2408 totae
925 2321 1096 2423 fuscae,
1128 2321 1199 2406 vel
1226 2322 1416 2408 obsolete
1446 2321 1753 2438 nigrescentes,
1795 2352 1904 2438 pun·

204 2471 286 2558 ctis
315 2473 421 2560 albis
449 2475 592 2562 nullis.

208 2723 326 2816 365.
399 2725 511 2816 PH
538 2727 579 2816 A
609 2727 646 2816 L
678 2727 721 2819 A
750 2723 792 2818 C
820 2727 861 2816 R
890 2728 931 2816 O
960 2721 1001 2819 C
1030 2727 1072 2816 Ο
1100 2728 1140 2816 R
1169 2725 1211 2815 A
1237 2725 1284 2816 X
1356 2725 1710 2818 bieristotus.
1759 2723 1897 2816 TAB.

818 2899 1011 2993 LXXV.
1074 2889 1164 3024 sig.
1231 2928 1280 3004 2.

343 3091 389 3174 P.
418 3109 507 3174 atro
523 3137 539 3153 ·
555 3084 791 3174 violascens
816 3086 926 3173 facie
953 3063 1044 3174 tota
1073 3089 1185 3172 nuda
1213 3087 1349 3192 fulva,
1378 3082 1714 3202 hypochondriis
1742 3085 1869 3174 albis.

427 3241 587 3329 Corvus
616 3239 832 3356 aquaticus
861 3237 1001 3324 minor
1026 3269 1100 3324 seu
1127 3239 1346 3340 Graculus,
1385 3243 1542 3327 Steller.
1569 3241 1659 3322 MS.

423 3391 545 3492 Uril,
600 3395 945 3504 Kruscheninilrof
964 3395 1173 3478 Camtscb.

422 3545 751 3662 violet-Shag,
805 3551 995 3632 Larisam.
1035 3576 1103 3633 av.
1148 3544 1894 3664 Vr.p.600.n.16.1³enn.zool.

479 3718 580 3782 oret.
610 3701 667 3782 ΙΙ.
695 3732 737 3815 p.
767 3713 859 3804 584.
888 3702 947 3787 Β.

314 3846 458 3936 Rossis
487 3847 535 3932 in
564 3847 860 3936 Camtscbatca
879 3852 1019 3962 Ursyr
1045 3877 1119 3934 seu
1150 3851 1398 3970 Tscbcmajo
1425 3853 1757 3966 Koropatscblsc.

315 4001 469 4088 curilis
501 4005 607 4089 Urit.
665 3999 862 4089 Coraecis
875 4002 1030 4089 thkul.

313 4152 899 4269 Camtschadalisludschgyt3
927 4153 1259 4242 occidentalibus
1271 4155 1462 4268 Urillryl.
1490 4151 1894 4272 AleutisAjosclzrlk.

339 4311 459 4392 Hanc
501 4305 690 4424 speciem
742 4311 1018 4415 Stellarus,
1073 4307 1148 4424 qui
1185 4337 1264 4426 pro
1297 4313 1531 4394 Auctorum
1568 4306 1755 4394 Graculo
1792 4331 1893 4391 eam

193 4457 377 4565 habuit,
431 4458 763 4576 copiosissimam
805 4460 853 4547 in
895 4459 1215 4548 Camtschatcae
1256 4459 1558 4578 promontoriis
1578 4457 1890 4560 orientalibus,

192 4609 350 4698 insulis
390 4641 532 4698 versus
573 4615 818 4700 Americam
860 4611 1010 4730 sparsis
1052 4635 1098 4699 et
1137 4615 1232 4730 ipso
1271 4611 1496 4698 Americae
1523 4613 1671 4698 littore
1694 4606 1892 4706 invenita
1979 4591 1985 4606 ⁸

194 4761 317 4851 circa
346 4763 510 4852 Curilas
537 4765 693 4852 insulas
721 4765 855 4852 rarior
880 4787 957 4854 est.
1028 4767 1272 4884 Specimina
1313 4764 1485 4881 copiosa
1509 4762 1673 4850 ibidem
1700 4759 1806 4876 legit
1832 4763 1894 4849 D.

191 4919 261 5006 D.
286 4919 337 5002 M
341 4922 428 5008 eris
468 4939 513 5006 et
558 4919 728 5008 iconem
754 4921 809 5008 ad
836 4917 982 5008 virum
1008 4919 1101 5006 fieri
1128 4919 1305 5008 curavit.
1376 4914 1670 5006 Stolodissima
1696 4938 1763 5002 est
1786 4913 1895 5020 avis,
