4696 6054
987 483 1136 594 Ε
1812 533 1899 616 213

212 723 397 844 primum
424 737 591 837 portum
620 717 798 804 salutare
819 739 872 803 et
912 741 1113 806 autumno
1141 717 1325 808 abituros
1353 721 1519 812 ibidem
1551 723 1626 815 diu
1661 747 1706 814 et
1734 730 1906 850 copiosa

211 875 464 974 subsistere;
504 869 605 958 inde
636 899 735 957 vero
765 893 922 956 aestate
949 902 1224 988 peromnem
1252 875 1504 964 orientalem
1520 877 1734 968 ‚Sibiriam
1762 886 1909 981 distri«

210 1033 395 1118 buuntur
423 1030 476 1112 ad
504 1026 764 1112 educandam
792 1023 981 1140 prolem,
1040 1029 1225 1144 adusque
1252 1030 1377 1116 Sinus
1407 1061 1652 1148 magnorum
1680 1034 1904 1156 fluviorum

209 1182 257 1270 in
287 1179 491 1266 arcticum
528 1179 744 1305 Oceanum
782 1177 1045 1264 effluentium
1074 1183 1092 1288 (
1106 1212 1145 1264 v.
1174 1212 1234 1296 gr.
1273 1186 1537 1297 Obensem),
1580 1216 1665 1270 non
1706 1216 1808 1276 vero
1849 1193 1904 1307 ad

210 1335 348 1452 ipsam
376 1331 502 1418 maris
531 1328 722 1446 glacialis
752 1359 882 1416 oram.
939 1333 1184 1419 Adventant
1210 1333 1257 1420 in
1287 1331 1582 1422 Camtschatca
1622 1343 1764 1452 Majo,
1806 1344 1903 1428 abe-

208 1510 287 1572 unt
314 1487 415 1574 inde
444 1488 520 1572 sub
549 1486 676 1568 finem
704 1481 886 1586 mensis;
927 1507 1024 1602 post
1063 1486 1251 1571 medium
1292 1486 1472 1604 Augusti
1498 1491 1678 1576 redeunt
1703 1515 1748 1578 et
1777 1496 1830 1578 ad
1857 1496 1904 1582 fi-

207 1669 308 1726 nem
337 1636 537 1726 Octobris
565 1667 695 1752 usque
722 1658 1043 1723 commorantur.
1113 1645 1163 1724 In
1192 1638 1349 1726 Curilis
1393 1639 1542 1726 insulis
1569 1673 1654 1728 non
1684 1670 1901 1764 apparent.

205 1845 263 1862 -
289 1795 361 1878 Ad
388 1793 571 1907 Volgam
597 1789 841 1892 inferiorem
871 1791 1101 1878 adventant
1114 1792 1273 1880 Martio
1301 1793 1371 1878 vel
1399 1792 1555 1910 Aprili,
1585 1798 1899 1916 quamprimum

206 1944 364 2062 glacies
392 1945 527 2032 soluta
555 1965 644 2048 est,
685 1945 864 2028 redeunt
889 1965 1089 2030 autumno
1126 1966 1172 2031 et
1199 1948 1254 2032 ad
1282 1945 1550 2033 Novembrin
1586 1981 1717 2066 usque
1743 1952 1900 2066 passim

208 2121 533 2186 commorantur.
590 2095 715 2184 Circa
743 2077 1068 2182 meridionalem
1094 2126 1210 2182 oram
1240 2095 1495 2185 Chersonesi
1524 2101 1709 2188 tauricae
1738 2133 1816 2222 per
1841 2128 1903 2194 to·

204 2273 292 2338 tarn
322 2249 524 2367 hyemem
552 2247 733 2366 gregarii
761 2269 991 2332 versantur.
1060 2248 1201 2334 Etiam
1228 2249 1275 2334 iu
1307 2247 1603 2338 Camtschatca
1644 2286 1730 2342 non
1755 2257 1900 2344 omnia

204 2407 365 2494 abeunt
391 2407 466 2492 sed
494 2402 606 2490 circa
635 2403 730 2486 loca
757 2397 993 2504 Vulcania,
1024 2399 1175 2486 calidis
1204 2399 1323 2516 aquis
1350 2401 1624 2512 scaturientia
1652 2409 1898 2529 subsistunt,

203 2556 456 2676 praesertim
482 2556 595 2647 circa
623 2555 722 2638 fluv.
752 2549 1000 2666 Bolschaja„
1045 2557 1204 2638 Lacum
1234 2554 1493 2660 Cutilicum,
1537 2555 1733 2674 rivosque
1768 2565 1898 2646 Avat-

203 2707 332 2814 scha,
360 2711 531 2796 lelollm
542 2769 556 2808 ,
582 2703 867 2824 Tolpatseha,
895 2704 970 2791 ubi
999 2712 1271 2823 Potamogeta
1298 2729 1344 2794 et
1371 2705 1552 2794 Calthae
1579 2710 1742 2798 radices
1769 2716 1899 2830 pabu-

203 2863 296 2950 lum
323 2860 605 2978 subpeditent.
661 2857 750 2946 Ubi
779 2885 834 2942 ex
864 2880 1003 2944 austro
1030 2861 1207 2946 veniunt
1239 2861 1378 2978 parvis
1405 2890 1573 2978 quoque
1602 2864 1749 2955 turmis
1772 2867 1899 2954 advo·

204 3017 320 3116 lant,
347 2981 449 3101 dein
478 3043 553 3131 per
580 3010 697 3132 paria
726 3013 778 3095 ad
806 3009 930 3097 nidos
958 3010 1278 3128 disperguntur,
1309 3013 1504 3100 fidissimi
1531 3016 1721 3138 conjugii
1750 3048 1893 3144 exem·

201 3169 324 3286 plum
351 3171 625 3286 praebentes,
655 3163 701 3250 in
729 3185 919 3262 tanturn,
960 3185 1007 3248 ut
1034 3193 1120 3249 non
1149 3165 1285 3252 solum
1312 3165 1615 3284 inseparabiles
1642 3200 1809 3286 semper
1836 3169 1898 3258 vi·

204 3345 307 3408 rant
320 3384 335 3423 ,
363 3323 438 3410 sed
466 3327 644 3436 conjuge
672 3317 812 3404 occisa
839 3347 942 3422 mas,
973 3315 1044 3410 vel
1076 3317 1261 3404 foemina
1289 3341 1510 3435 superstas,
1539 3324 1800 3437 permultos
1828 3351 1898 3413 an·

204 3505 282 3562 nos
322 3474 435 3561 circa
476 3471 623 3562 solitos
666 3474 780 3560 lacus
819 3471 866 3558 in
906 3467 1116 3557 viduitate
1146 3469 1393 3556 continuare
1422 3474 1679 3564 observetur.
1762 3481 1896 3563 Lacus

203 3625 450 3744 praesertim
478 3649 619 3714 amant
649 3626 782 3712 multa
809 3625 920 3714 Ulva
950 3643 994 3708 et
1022 3623 1178 3740 plantis
1204 3622 1419 3710 inundatis
1448 3649 1493 3712 et
1520 3625 1745 3716 submersis
1778 3659 1896 3746 squa-

202 3779 341 3884 lidos,
371 3780 499 3872 etiarn
529 3747 895 3866 subamaricantes
909 3799 953 3862 et
980 3775 1228 3882 foetidulos,
1257 3777 1404 3894 quales
1434 3780 1591 3874 deserti
1618 3780 1760 3897 campi
1782 3780 1896 3885 circa

201 3930 434 4018 Ischimum
462 3957 507 4019 et
537 3937 791 4028 Barabenses
801 3993 817 4031 ,
843 3929 1006 4021 hebent
1032 3927 1250 4045 plurimos.
1308 3934 1356 4016 In
1388 3959 1541 4046 genere
1555 3929 1807 4049 Hippuridis
1824 3933 1895 4020 vel

204 4084 419 4190 Elatines,
450 4095 850 4202 Potamogetonum,
880 4081 1099 4170 Alismatis
1125 4103 1170 4166 et
1196 4079 1377 4168 Calthae
1406 4084 1619 4172 radicibus
1656 4109 1892 4200 pascuntur,

202 4270 331 4355 quam
357 4239 551 4326 ultimam
577 4236 679 4326 ideo
706 4237 831 4324 Rossi
858 4236 1199 4324 babeaslrielroran
1225 4235 1471 4352 (Cygneam
1501 4235 1714 4352 radicem)
1752 4238 1895 4356 appel·

201 4390 354 4480 larunt.
429 4400 478 4480 In
506 4391 656 4480 Rossia
698 4389 875 4485 cicurati
905 4389 1056 4478 Olores
1083 4388 1330 4503 praesertim
1371 4389 1489 4476 vocis
1517 4420 1640 4477 causa
1668 4387 1894 4478 domestici

201 4543 397 4647 aluntur,
438 4547 632 4662 neglecta
662 4545 791 4646 altera
820 4542 989 4661 specie,
1028 4569 1206 4654 caroque
1249 4539 1424 4628 curiosis
1452 4544 1717 4643 venduntur,
1756 4541 1896 4630 sicubi

201 4697 293 4786 levi
322 4699 494 4786 vulnere
522 4721 684 4800 tactos,
713 4698 784 4785 vel
811 4699 878 4784 ala
905 4698 1049 4800 fracta,
1078 4715 1298 4780 venatores
1328 4693 1447 4788 rivos
1476 4693 1664 4812 capiunt.
1720 4693 1893 4794 Etenim

197 4851 337 4938 adulti
379 4882 547 4968 qnoque
586 4851 711 4940 facile
752 4871 1045 4938 mansuescunt
1084 4868 1128 4933 et
1167 4852 1265 4934 vere
1307 4849 1414 4935 Olor
1452 4880 1551 4936 voce
1596 4846 1889 4949 amoenissime

198 5003 377 5132 clange,
406 5029 580 5125 argento
608 5003 822 5100 resonanti
849 5005 1158 5121 comparanda,
1197 4999 1330 5088 etiam
1365 4998 1478 5118 inter
1504 5001 1733 5092 volandum
1760 5027 1885 5120 saepe
