4696 6054
496 449 587 544 ato
1198 463 1201 472 ’
1251 481 1405 538 ==

493 683 660 786 nullua3
689 683 853 790 indoles
880 683 1024 786 mitis,
1057 691 1196 800 neque
1223 680 1270 770 in
1297 689 1456 799 pugnae
1483 693 1627 799 prona,
1657 678 1741 770 niai
1767 680 1815 768 in
1842 704 1951 770 statu
1978 685 2151 774 domesti-

496 867 575 942 co,
617 837 693 924 ubi
721 861 895 954 angusto
924 835 1060 954 spatio
1086 863 1220 921 marea
1248 833 1402 928 inclusi
1442 837 1595 954 plures.
1636 889 1692 905 -
1730 841 1973 923 Anotomice
2006 841 2156 924 taudem

495 988 756 1076 conveniunt
782 985 1102 1105 Hydrophilae,
1145 995 1366 1077 ventriculo
1408 1009 1453 1076 et
1492 986 1681 1104 ingluvie
1722 1019 1796 1076 seu
1828 986 2063 1106 oesophago
2087 1021 2157 1076 aur·

490 1143 707 1258 piissimo,
739 1153 928 1230 intestino
958 1142 1125 1257 amplo,
1166 1149 1297 1228 coecis
1337 1146 1500 1231 duobus
1540 1139 1775 1258 insignibus
1815 1140 2046 1244 instructo,
2082 1163 2160 1230 cute

491 1323 655 1399 crassa,
685 1295 988 1413 pinguissima,
1016 1302 1145 1381 cranii
1173 1315 1217 1380 et
1244 1294 1395 1380 cerebri
1422 1289 1712 1408 magnitudine
1741 1295 1875 1382 multo
1910 1293 2018 1384 infra
2044 1300 2161 1410 Rapa·

488 1473 585 1554 cea,
616 1448 824 1558 Oscinea,
853 1455 1069 1552 Penates,
1100 1469 1145 1534 et
1170 1473 1316 1534 omnes
1345 1448 1434 1532 lere
1464 1445 1606 1532 avium
1634 1443 1831 1536 familiae

1064 1911 1169 2026 Lu
1233 1907 1600 2024 CYGNI.

1205 2185 1468 2212 -ᾐ

564 2385 571 2398 ’
625 2383 905 2496 Plotyrottrer
943 2379 1165 2500 aquaticae
1201 2379 1493 2499 palmipedea,
1535 2403 1669 2470 rostro
1709 2378 1905 2468 dentibus
1949 2372 2171 2464 lamelloair

487 2555 645 2623 cenato
674 2533 929 2639 instructae,
968 2529 1095 2618 simul
1136 2566 1233 2621 curn
1260 2539 1418 2650 Mergic
1457 2536 1692 2621 naturalem
1719 2531 1894 2651 quidem
1929 2525 2174 2618 subdivisio

485 2714 587 2772 nem
615 2683 977 2804 Hydrophilarum
1005 2688 1293 2787 constituunt,
1330 2687 1407 2776 aed
1433 2685 1481 2774 in
1509 2717 1640 2776 unum
1667 2715 1797 2802 genua
1824 2713 1910 2770 non
1938 2687 2053 2770 bene
2081 2709 2176 2766 con·

484 2843 725 2952 junguntur.
780 2835 942 2924 Nescio
970 2837 1074 2955 quid
1101 2821 1307 2958 repugnat
1332 2841 1464 2926 etiam
1490 2839 1657 2958 ignaro,
1690 2839 1738 2924 'ai
1766 2841 1962 2953 Cygnum
1992 2845 2178 2922 Auatem

486 2989 686 3106 generice
713 2988 887 3076 nomine
915 2991 1217 3108 appellaveris,
1265 2996 1335 3079 vel
1363 2995 1694 3112 Querquedulam
1719 2995 1928 3078 Anserem
1964 2983 2176 3105 cognomi·

484 3171 587 3230 nare
616 3142 736 3229 velia.
793 3138 931 3258 Magia
958 3149 1145 3229 Naturae
1175 3167 1220 3232 et
1246 3145 1404 3231 rationi
1430 3169 1757 3232 consentaneum
1783 3141 2015 3248 videbitur,
2047 3141 2085 3228 si
2110 3169 2176 3224 nt·

481 3295 639 3381 turalet
666 3294 832 3411 generis
858 3292 983 3410 hujus
1009 3295 1258 3414 partitiones
1285 3319 1481 3404 secutus,
1523 3297 1696 3384 nomina
1735 3293 1870 3382 cuivis
1907 3293 2049 3382 tribui
2078 3289 2178 3378 anti·

481 3473 592 3562 qua,
633 3447 939 3535 consuetudine
980 3447 1141 3535 sancita
1180 3452 1439 3556 servaveris,
1496 3449 1702 3568 quicquid
1729 3446 1902 3536 servilia
1929 3445 2109 3566 ingenia
2135 3441 2178 3528 in

482 3599 577 3716 lege
606 3595 829 3705 methodi,
859 3631 986 3716 quem
1014 3631 1120 3688 unus
1147 3601 1280 3690 homo
1308 3603 1526 3709 condidit,
1555 3601 1778 3690 haesitent
2300 3691 2301 3708 J

619 3753 789 3868 Cygni,
815 3757 992 3843 Anseres
1001 3815 1016 3856 ,
1043 3757 1225 3862 Aratea,
1255 3758 1391 3871 Mergi
1419 3755 1676 3844 conveniunt
1702 3751 1877 3873 quidem
1904 3787 1974 3844 ore
2019 3777 2067 3844 et
2109 3759 2178 3842 lin

474 3936 564 4022 guo
593 3904 784 4011 terratia,
827 3909 999 4024 pedibus
1042 3907 1264 4025 palmatis,
1307 3908 1440 4024 magia
1468 3907 1671 3998 'minuare
1712 3933 1938 3998 retrorsum
1974 3903 2153 3994 remotis
2165 3961 2180 4002 ,

476 4055 664 4176 corporis
692 4065 1046 4146 circumcaesura
1074 4082 1119 4145 et
1147 4061 1292 4148 habitu
1321 4059 1458 4148 cuivis
1484 4062 1637 4168 obvio,
1654 4070 1903 4181 -plumcginc
1931 4061 2071 4148 denen
2098 4057 2178 4146 ela·

476 4207 607 4316 utica,
636 4209 769 4296 multa
798 4211 996 4328 lanugine
1024 4212 1185 4313 farcta,
1225 4215 1490 4331 mundusque
1519 4207 1571 4302 et'
1590 4238 1683 4304 toto
1717 4213 1832 4302 ritae
1860 4244 2038 4330 genere.
2107 4217 2179 4299 aa

474 4383 616 4448 tamen
644 4361 691 4448 in
718 4390 866 4448 eorum
892 4373 1060 4470 rostris,
1090 4368 1230 4480 quoad
1258 4369 1430 4484 figuram
1457 4366 1733 4486 praesertim,
1766 4366 2015 4476 diveraitaa,
2045 4389 2113 4456 eat
2135 4363 2181 4450 iu

475 4513 631 4600 moine
689 4517 852 4630 Cygnis
879 4539 1058 4604 rostrum
1083 4519 1354 4634 productim,
1384 4543 1623 4638 angustum,
1653 4521 2037 4641 depressiusculum
2046 4581 2063 4622 ,
2090 4513 2180 4606 bani
2300 4613 2301 4616 w

472 4685 637 4752 tantum
664 4667 866 4782 gibbum
895 4669 1120 4784 longitudo
1148 4679 1245 4760 colli
1271 4669 1482 4791 insignia,
1524 4705 1672 4789 corpur
1698 4703 1854 4793 grave,
1884 4681 2073 4762 iucem
2101 4667 2179 4758 dif-

471 4815 596 4925 &ilia
608 4878 623 4919 ,
661 4825 829 4908 trocheo
855 4819 901 4908 in
929 4821 1025 4908 ainu
1052 4820 1184 4908 eterni
1212 4825 1467 4914 anfractibus
1494 4829 1703 4937 flexuosa,
1745 4825 1883 4914 victua
1916 4818 2179 4942 vegetabili!
2300 4833 2301 4894 l

471 4995 529 5059 ex
555 5001 688 5088 aquae
716 4973 848 5062 fundo
874 4977 1095 5093 petendus.
1133 5028 1183 5048 -
1222 4979 1469 5072 Anatho:
1510 5001 1688 5072 rostrum
1711 4981 1965 5072 conoideum
1977 5037 1996 5082 ,
2041 4975 2176 5066 robo-
2300 4957 2301 4962 Ν
