<?xml version="1.0" encoding="UTF-8"?>
<!DOCTYPE html PUBLIC "-//W3C//DTD XHTML 1.0 Transitional//EN"
    "http://www.w3.org/TR/xhtml1/DTD/xhtml1-transitional.dtd">
<html xmlns="http://www.w3.org/1999/xhtml" xml:lang="en" lang="en">
 <head>
  <title>
</title>
<meta http-equiv="Content-Type" content="text/html;charset=utf-8" />
  <meta name='ocr-system' content='tesseract 3.04.00' />
  <meta name='ocr-capabilities' content='ocr_page ocr_carea ocr_par ocr_line ocrx_word'/>
</head>
<body>
  <div class='ocr_page' id='page_1' title='image "./zoographiarosso02pallgoog_0405.png"; bbox 0 0 4778 6044; ppageno 0'>
   <div class='ocr_carea' id='block_1_1' title="bbox 483 719 2182 4774">
    <p class='ocr_par' dir='ltr' id='par_1_1' title="bbox 706 719 2170 993">
     <span class='ocr_line' id='line_1_1' title="bbox 706 719 2170 843; baseline -0.003 -26"><span class='ocrx_word' id='word_1_1' title='bbox 706 727 817 817; x_wconf 78' lang='lat' dir='ltr'><strong>Alea</strong></span> <span class='ocrx_word' id='word_1_2' title='bbox 845 719 1052 831; x_wconf 84' lang='lat' dir='ltr'><strong>cirrhata,</strong></span> <span class='ocrx_word' id='word_1_3' title='bbox 1100 724 1206 813; x_wconf 79' lang='lat' dir='ltr'><strong>Pau.</strong></span> <span class='ocrx_word' id='word_1_4' title='bbox 1236 725 1377 840; x_wconf 74' lang='lat' dir='ltr'><strong>spicit.</strong></span> <span class='ocrx_word' id='word_1_5' title='bbox 1404 725 1524 814; x_wconf 85' lang='lat' dir='ltr'><strong>Zool.</strong></span> <span class='ocrx_word' id='word_1_6' title='bbox 1554 723 1604 812; x_wconf 70' lang='grc' dir='ltr'><strong>Υ.</strong></span> <span class='ocrx_word' id='word_1_7' title='bbox 1636 755 1677 843; x_wconf 87' lang='lat' dir='ltr'><strong>p.</strong></span> <span class='ocrx_word' id='word_1_8' title='bbox 1704 757 1745 838; x_wconf 87' lang='lat'><strong>7.</strong></span> <span class='ocrx_word' id='word_1_9' title='bbox 1774 721 1859 812; x_wconf 81' lang='lat' dir='ltr'><strong>tab.</strong></span> <span class='ocrx_word' id='word_1_10' title='bbox 1894 758 1929 812; x_wconf 85' lang='lat' dir='ltr'><strong>r.</strong></span> <span class='ocrx_word' id='word_1_11' title='bbox 1958 741 1999 812; x_wconf 79' lang='lat' dir='ltr'><strong>ot</strong></span> <span class='ocrx_word' id='word_1_12' title='bbox 2027 723 2069 815; x_wconf 79' lang='grc'><strong>5.</strong></span> <span class='ocrx_word' id='word_1_13' title='bbox 2085 727 2170 842; x_wconf 72' lang='lat' dir='ltr'><strong>fig.</strong></span> 
     </span>
     <span class='ocr_line' id='line_1_2' title="bbox 772 877 1699 993; baseline -0.005 -27"><span class='ocrx_word' id='word_1_14' title='bbox 772 919 860 966; x_wconf 81' lang='grc' dir='ltr'><strong>ι-</strong></span> <span class='ocrx_word' id='word_1_15' title='bbox 879 894 919 968; x_wconf 96' lang='grc'><strong>3.</strong></span> <span class='ocrx_word' id='word_1_16' title='bbox 950 877 1121 965; x_wconf 84' lang='lat' dir='ltr'><strong>Gmelin.</strong></span> <span class='ocrx_word' id='word_1_17' title='bbox 1149 899 1254 990; x_wconf 85' lang='lat' dir='ltr'><strong>syst.</strong></span> <span class='ocrx_word' id='word_1_18' title='bbox 1283 881 1339 963; x_wconf 85' lang='lat' dir='ltr'><strong>ll.</strong></span> <span class='ocrx_word' id='word_1_19' title='bbox 1368 911 1408 993; x_wconf 88' lang='lat' dir='ltr'><strong>p.</strong></span> <span class='ocrx_word' id='word_1_20' title='bbox 1440 892 1533 966; x_wconf 90' lang='grc'><strong>553.</strong></span> <span class='ocrx_word' id='word_1_21' title='bbox 1562 909 1601 964; x_wconf 87' lang='lat' dir='ltr'><strong>n.</strong></span> <span class='ocrx_word' id='word_1_22' title='bbox 1637 911 1699 962; x_wconf 89' lang='lat' dir='ltr'><strong>ro.</strong></span> 
     </span>
    </p>

    <p class='ocr_par' dir='ltr' id='par_1_2' title="bbox 707 1026 2171 1302">
     <span class='ocr_line' id='line_1_3' title="bbox 707 1026 2171 1144; baseline -0.003 -24"><span class='ocrx_word' id='word_1_23' title='bbox 707 1039 906 1120; x_wconf 88' lang='lat' dir='ltr'><strong>Macareu</strong></span> <span class='ocrx_word' id='word_1_24' title='bbox 934 1034 993 1117; x_wconf 90' lang='lat' dir='ltr'><strong>du</strong></span> <span class='ocrx_word' id='word_1_25' title='bbox 1020 1026 1335 1135; x_wconf 88' lang='lat' dir='ltr'><strong>Camtschatca,</strong></span> <span class='ocrx_word' id='word_1_26' title='bbox 1363 1033 1525 1142; x_wconf 81' lang='lat' dir='ltr'><strong>Buffon.</strong></span> <span class='ocrx_word' id='word_1_27' title='bbox 1555 1029 1656 1118; x_wconf 84' lang='lat' dir='ltr'><strong>Om.</strong></span> <span class='ocrx_word' id='word_1_28' title='bbox 1670 1028 1746 1114; x_wconf 84' lang='lat' dir='ltr'><strong>IX.</strong></span> <span class='ocrx_word' id='word_1_29' title='bbox 1775 1059 1816 1144; x_wconf 89' lang='lat' dir='ltr'><strong>p.</strong></span> <span class='ocrx_word' id='word_1_30' title='bbox 1832 1040 1925 1119; x_wconf 87' lang='grc'><strong>363.</strong></span> <span class='ocrx_word' id='word_1_31' title='bbox 1951 1029 2171 1118; x_wconf 82' lang='lat' dir='ltr'><strong>D’aubcnt.</strong></span> 
     </span>
     <span class='ocr_line' id='line_1_4' title="bbox 762 1194 1055 1302; baseline -0.01 -30"><span class='ocrx_word' id='word_1_32' title='bbox 762 1194 861 1302; x_wconf 81' lang='lat' dir='ltr'><strong>pict.</strong></span> <span class='ocrx_word' id='word_1_33' title='bbox 891 1217 931 1270; x_wconf 85' lang='lat' dir='ltr'><strong>n.</strong></span> <span class='ocrx_word' id='word_1_34' title='bbox 960 1197 1055 1294; x_wconf 86' lang='lat'><strong>761.</strong></span> 
     </span>
    </p>

    <p class='ocr_par' dir='ltr' id='par_1_3' title="bbox 705 1335 2173 1602">
     <span class='ocr_line' id='line_1_5' title="bbox 705 1335 2173 1454; baseline -0.001 -32"><span class='ocrx_word' id='word_1_35' title='bbox 705 1337 864 1422; x_wconf 87' lang='lat' dir='ltr'><strong>Tufted</strong></span> <span class='ocrx_word' id='word_1_36' title='bbox 899 1339 1021 1441; x_wconf 76' lang='lat' dir='ltr'><strong>Aut,</strong></span> <span class='ocrx_word' id='word_1_37' title='bbox 1079 1335 1202 1420; x_wconf 86' lang='lat' dir='ltr'><strong>Penn.</strong></span> <span class='ocrx_word' id='word_1_38' title='bbox 1232 1335 1350 1420; x_wconf 87' lang='lat' dir='ltr'><strong>Zool.</strong></span> <span class='ocrx_word' id='word_1_39' title='bbox 1380 1355 1483 1422; x_wconf 84' lang='lat' dir='ltr'><strong>aret.</strong></span> <span class='ocrx_word' id='word_1_40' title='bbox 1510 1338 1566 1420; x_wconf 90' lang='grc' dir='ltr'><strong>ΙΙ.</strong></span> <span class='ocrx_word' id='word_1_41' title='bbox 1596 1366 1637 1454; x_wconf 87' lang='lat' dir='ltr'><strong>p.</strong></span> <span class='ocrx_word' id='word_1_42' title='bbox 1667 1345 1760 1424; x_wconf 79' lang='lat'><strong>513.</strong></span> <span class='ocrx_word' id='word_1_43' title='bbox 1788 1365 1828 1421; x_wconf 83' lang='lat' dir='ltr'><strong>n.</strong></span> <span class='ocrx_word' id='word_1_44' title='bbox 1855 1347 1952 1442; x_wconf 77' lang='lat'><strong>432.</strong></span> <span class='ocrx_word' id='word_1_45' title='bbox 1980 1335 2173 1422; x_wconf 74' lang='lat' dir='ltr'><strong>nattam.</strong></span> 
     </span>
     <span class='ocr_line' id='line_1_6' title="bbox 768 1487 1631 1602; baseline -0.001 -28"><span class='ocrx_word' id='word_1_46' title='bbox 768 1521 835 1576; x_wconf 84' lang='lat' dir='ltr'><strong>av.</strong></span> <span class='ocrx_word' id='word_1_47' title='bbox 865 1491 916 1572; x_wconf 85' lang='lat' dir='ltr'><strong>V.</strong></span> <span class='ocrx_word' id='word_1_48' title='bbox 944 1521 985 1602; x_wconf 95' lang='lat' dir='ltr'><strong>p.</strong></span> <span class='ocrx_word' id='word_1_49' title='bbox 1015 1501 1108 1574; x_wconf 88' lang='grc' dir='ltr'><strong>3ι3.</strong></span> <span class='ocrx_word' id='word_1_50' title='bbox 1138 1521 1178 1571; x_wconf 85' lang='lat' dir='ltr'><strong>n.</strong></span> <span class='ocrx_word' id='word_1_51' title='bbox 1209 1521 1247 1571; x_wconf 82' lang='lat' dir='ltr'><strong>n.</strong></span> <span class='ocrx_word' id='word_1_52' title='bbox 1274 1487 1360 1572; x_wconf 83' lang='lat' dir='ltr'><strong>tub.</strong></span> <span class='ocrx_word' id='word_1_53' title='bbox 1391 1501 1457 1594; x_wconf 85' lang='lat'><strong>95.</strong></span> <span class='ocrx_word' id='word_1_54' title='bbox 1477 1491 1562 1602; x_wconf 80' lang='lat' dir='ltr'><strong>fig.</strong></span> <span class='ocrx_word' id='word_1_55' title='bbox 1598 1523 1631 1573; x_wconf 89' lang='lat' dir='ltr'><strong>r.</strong></span> 
     </span>
    </p>

    <p class='ocr_par' dir='ltr' id='par_1_4' title="bbox 598 1635 2175 1751">
     <span class='ocr_line' id='line_1_7' title="bbox 598 1635 2175 1751; baseline -0.004 -21"><span class='ocrx_word' id='word_1_56' title='bbox 598 1640 741 1730; x_wconf 85' lang='lat' dir='ltr'><strong>Rossis</strong></span> <span class='ocrx_word' id='word_1_57' title='bbox 756 1637 1067 1727; x_wconf 89' lang='lat' dir='ltr'><strong>Ochotensibus</strong></span> <span class='ocrx_word' id='word_1_58' title='bbox 1097 1663 1141 1724; x_wconf 89' lang='lat' dir='ltr'><strong>et</strong></span> <span class='ocrx_word' id='word_1_59' title='bbox 1167 1639 1212 1722; x_wconf 88' lang='lat' dir='ltr'><strong>in</strong></span> <span class='ocrx_word' id='word_1_60' title='bbox 1226 1639 1523 1726; x_wconf 89' lang='lat' dir='ltr'><strong>Camtschatca</strong></span> <span class='ocrx_word' id='word_1_61' title='bbox 1553 1637 1726 1727; x_wconf 88' lang='lat' dir='ltr'><strong>nomine</strong></span> <span class='ocrx_word' id='word_1_62' title='bbox 1741 1635 1963 1724; x_wconf 88' lang='lat' dir='ltr'><strong>Lamutico</strong></span> <span class='ocrx_word' id='word_1_63' title='bbox 1989 1642 2175 1751; x_wconf 81' lang='lat' dir='ltr'><strong>Igylma.</strong></span> 
     </span>
    </p>

    <p class='ocr_par' dir='ltr' id='par_1_5' title="bbox 598 1793 1223 1906">
     <span class='ocr_line' id='line_1_8' title="bbox 598 1793 1223 1906; baseline -0.011 -23"><span class='ocrx_word' id='word_1_64' title='bbox 598 1793 796 1883; x_wconf 86' lang='lat' dir='ltr'><strong>Coraecis</strong></span> <span class='ocrx_word' id='word_1_65' title='bbox 824 1797 1223 1906; x_wconf 77' lang='lat' dir='ltr'><strong>Kytschaguigally.</strong></span> 
     </span>
    </p>

    <p class='ocr_par' dir='ltr' id='par_1_6' title="bbox 598 1940 2179 2060">
     <span class='ocr_line' id='line_1_9' title="bbox 598 1940 2179 2060; baseline -0.007 -23"><span class='ocrx_word' id='word_1_66' title='bbox 598 1943 933 2037; x_wconf 85' lang='lat' dir='ltr'><strong>Camtschadalis</strong></span> <span class='ocrx_word' id='word_1_67' title='bbox 961 1943 1295 2030; x_wconf 86' lang='lat' dir='ltr'><strong>occidentalibus</strong></span> <span class='ocrx_word' id='word_1_68' title='bbox 1322 1947 1502 2032; x_wconf 75' lang='lat' dir='ltr'><strong>Mitsclta</strong></span> <span class='ocrx_word' id='word_1_69' title='bbox 1515 1946 1698 2060; x_wconf 75' lang='lat' dir='ltr'><strong>-3titlsu3</strong></span> <span class='ocrx_word' id='word_1_70' title='bbox 1726 1940 2001 2028; x_wconf 81' lang='lat' dir='ltr'><strong>orientalibus</strong></span> <span class='ocrx_word' id='word_1_71' title='bbox 2031 1941 2179 2028; x_wconf 70' lang='lat' dir='ltr'><strong>Taete-</strong></span> 
     </span>
    </p>

    <p class='ocr_par' dir='ltr' id='par_1_7' title="bbox 651 2104 755 2184">
     <span class='ocr_line' id='line_1_10' title="bbox 651 2104 755 2184; baseline 0 0"><span class='ocrx_word' id='word_1_72' title='bbox 651 2104 755 2184; x_wconf 75' lang='lat' dir='ltr'><strong>tata.</strong></span> 
     </span>
    </p>

    <p class='ocr_par' dir='ltr' id='par_1_8' title="bbox 596 2245 1435 2363">
     <span class='ocr_line' id='line_1_11' title="bbox 596 2245 1435 2363; baseline -0.004 -26"><span class='ocrx_word' id='word_1_73' title='bbox 596 2249 753 2338; x_wconf 88' lang='lat' dir='ltr'><strong>Curilis</strong></span> <span class='ocrx_word' id='word_1_74' title='bbox 783 2249 1006 2361; x_wconf 81' lang='lat' dir='ltr'><strong>Etubirga,</strong></span> <span class='ocrx_word' id='word_1_75' title='bbox 1055 2245 1124 2330; x_wconf 81' lang='lat' dir='ltr'><strong>vel</strong></span> <span class='ocrx_word' id='word_1_76' title='bbox 1151 2250 1322 2363; x_wconf 80' lang='lat' dir='ltr'><strong>Itnpirls.</strong></span> <span class='ocrx_word' id='word_1_77' title='bbox 1433 2291 1435 2296; x_wconf 95' lang='lat'>·</span> 
     </span>
    </p>

    <p class='ocr_par' dir='ltr' id='par_1_9' title="bbox 483 2395 2182 4774">
     <span class='ocr_line' id='line_1_12' title="bbox 624 2395 2180 2519; baseline -0.003 -33"><span class='ocrx_word' id='word_1_78' title='bbox 624 2399 979 2516; x_wconf 90' lang='lat' dir='ltr'><strong>Frequentissima</strong></span> <span class='ocrx_word' id='word_1_79' title='bbox 1017 2420 1173 2482; x_wconf 83' lang='lat' dir='ltr'><strong>aestate</strong></span> <span class='ocrx_word' id='word_1_80' title='bbox 1213 2401 1301 2485; x_wconf 86' lang='lat' dir='ltr'><strong>avis</strong></span> <span class='ocrx_word' id='word_1_81' title='bbox 1329 2401 1376 2488; x_wconf 88' lang='lat' dir='ltr'><strong>in</strong></span> <span class='ocrx_word' id='word_1_82' title='bbox 1404 2400 1566 2488; x_wconf 85' lang='lat' dir='ltr'><strong>boreali</strong></span> <span class='ocrx_word' id='word_1_83' title='bbox 1594 2425 1712 2519; x_wconf 90' lang='lat' dir='ltr'><strong>parte</strong></span> <span class='ocrx_word' id='word_1_84' title='bbox 1740 2399 1972 2492; x_wconf 86' lang='lat' dir='ltr'><strong>Orientalis</strong></span> <span class='ocrx_word' id='word_1_85' title='bbox 2001 2395 2180 2498; x_wconf 84' lang='lat' dir='ltr'><strong>Oceani,</strong></span> 
     </span>
     <span class='ocr_line' id='line_1_13' title="bbox 487 2549 2176 2643; baseline -0.004 -3"><span class='ocrx_word' id='word_1_86' title='bbox 487 2552 599 2640; x_wconf 88' lang='lat' dir='ltr'><strong>inter</strong></span> <span class='ocrx_word' id='word_1_87' title='bbox 625 2551 966 2640; x_wconf 84' lang='lat' dir='ltr'><strong>Camtschatcam</strong></span> <span class='ocrx_word' id='word_1_88' title='bbox 994 2574 1038 2635; x_wconf 90' lang='lat' dir='ltr'><strong>et</strong></span> <span class='ocrx_word' id='word_1_89' title='bbox 1064 2552 1319 2639; x_wconf 87' lang='lat' dir='ltr'><strong>Americam.</strong></span> <span class='ocrx_word' id='word_1_90' title='bbox 1376 2557 1566 2643; x_wconf 90' lang='lat' dir='ltr'><strong>Moribus</strong></span> <span class='ocrx_word' id='word_1_91' title='bbox 1595 2555 1769 2641; x_wconf 89' lang='lat' dir='ltr'><strong>omnino</strong></span> <span class='ocrx_word' id='word_1_92' title='bbox 1791 2557 1964 2638; x_wconf 88' lang='lat' dir='ltr'><strong>Lundae</strong></span> <span class='ocrx_word' id='word_1_93' title='bbox 1993 2549 2176 2635; x_wconf 78' lang='lat' dir='ltr'><strong>creticae</strong></span> 
     </span>
     <span class='ocr_line' id='line_1_14' title="bbox 488 2699 2176 2820; baseline -0.002 -30"><span class='ocrx_word' id='word_1_94' title='bbox 488 2703 661 2810; x_wconf 88' lang='lat' dir='ltr'><strong>similis,</strong></span> <span class='ocrx_word' id='word_1_95' title='bbox 690 2728 737 2790; x_wconf 92' lang='lat' dir='ltr'><strong>ut</strong></span> <span class='ocrx_word' id='word_1_96' title='bbox 764 2707 898 2791; x_wconf 86' lang='lat' dir='ltr'><strong>forma</strong></span> <span class='ocrx_word' id='word_1_97' title='bbox 926 2725 970 2788; x_wconf 85' lang='lat' dir='ltr'><strong>et</strong></span> <span class='ocrx_word' id='word_1_98' title='bbox 997 2702 1153 2788; x_wconf 87' lang='lat' dir='ltr'><strong>colore.</strong></span> <span class='ocrx_word' id='word_1_99' title='bbox 1203 2711 1427 2792; x_wconf 87' lang='lat' dir='ltr'><strong>Pemoctat</strong></span> <span class='ocrx_word' id='word_1_100' title='bbox 1454 2730 1498 2792; x_wconf 87' lang='lat' dir='ltr'><strong>et</strong></span> <span class='ocrx_word' id='word_1_101' title='bbox 1526 2705 1717 2794; x_wconf 85' lang='lat' dir='ltr'><strong>nidificat</strong></span> <span class='ocrx_word' id='word_1_102' title='bbox 1742 2709 1788 2792; x_wconf 88' lang='lat' dir='ltr'><strong>in</strong></span> <span class='ocrx_word' id='word_1_103' title='bbox 1815 2705 1983 2820; x_wconf 86' lang='lat' dir='ltr'><strong>rupium</strong></span> <span class='ocrx_word' id='word_1_104' title='bbox 2010 2699 2176 2804; x_wconf 84' lang='lat' dir='ltr'><strong>fissuris,</strong></span> 
     </span>
     <span class='ocr_line' id='line_1_15' title="bbox 486 2853 2177 2971; baseline -0.004 -28"><span class='ocrx_word' id='word_1_105' title='bbox 486 2858 558 2942; x_wconf 80' lang='lat' dir='ltr'><strong>vel</strong></span> <span class='ocrx_word' id='word_1_106' title='bbox 584 2859 733 2943; x_wconf 90' lang='lat' dir='ltr'><strong>nidum</strong></span> <span class='ocrx_word' id='word_1_107' title='bbox 761 2854 1056 2942; x_wconf 76' lang='lat' dir='ltr'><strong>cmticulumve</strong></span> <span class='ocrx_word' id='word_1_108' title='bbox 1082 2853 1194 2938; x_wconf 89' lang='lat' dir='ltr'><strong>inter</strong></span> <span class='ocrx_word' id='word_1_109' title='bbox 1222 2887 1320 2941; x_wconf 90' lang='lat' dir='ltr'><strong>saxa</strong></span> <span class='ocrx_word' id='word_1_110' title='bbox 1346 2859 1548 2946; x_wconf 81' lang='lat' dir='ltr'><strong>littoralia</strong></span> <span class='ocrx_word' id='word_1_111' title='bbox 1567 2884 1700 2946; x_wconf 88' lang='lat' dir='ltr'><strong>rostro</strong></span> <span class='ocrx_word' id='word_1_112' title='bbox 1724 2877 1945 2957; x_wconf 85' lang='lat' dir='ltr'><strong>excavant,</strong></span> <span class='ocrx_word' id='word_1_113' title='bbox 1972 2877 2016 2940; x_wconf 92' lang='lat' dir='ltr'><strong>et</strong></span> <span class='ocrx_word' id='word_1_114' title='bbox 2040 2880 2177 2971; x_wconf 88' lang='lat' dir='ltr'><strong>pauco</strong></span> 
     </span>
     <span class='ocr_line' id='line_1_16' title="bbox 487 3007 2174 3126; baseline -0.002 -34"><span class='ocrx_word' id='word_1_115' title='bbox 487 3009 677 3125; x_wconf 81' lang='lat' dir='ltr'><strong>gramine</strong></span> <span class='ocrx_word' id='word_1_116' title='bbox 718 3007 956 3126; x_wconf 88' lang='lat' dir='ltr'><strong>plumisque</strong></span> <span class='ocrx_word' id='word_1_117' title='bbox 998 3029 1190 3093; x_wconf 90' lang='lat' dir='ltr'><strong>sternunt</strong></span> <span class='ocrx_word' id='word_1_118' title='bbox 1232 3009 1306 3095; x_wconf 90' lang='lat' dir='ltr'><strong>ubi</strong></span> <span class='ocrx_word' id='word_1_119' title='bbox 1345 3042 1432 3096; x_wconf 90' lang='lat' dir='ltr'><strong>mas</strong></span> <span class='ocrx_word' id='word_1_120' title='bbox 1461 3034 1505 3116; x_wconf 79' lang='lat' dir='ltr'><strong>et</strong></span> <span class='ocrx_word' id='word_1_121' title='bbox 1533 3011 1689 3096; x_wconf 83' lang='lat' dir='ltr'><strong>femina</strong></span> <span class='ocrx_word' id='word_1_122' title='bbox 1718 3035 1995 3123; x_wconf 84' lang='lat' dir='ltr'><strong>monogamae</strong></span> <span class='ocrx_word' id='word_1_123' title='bbox 2019 3033 2174 3122; x_wconf 88' lang='lat' dir='ltr'><strong>perno-</strong></span> 
     </span>
     <span class='ocr_line' id='line_1_17' title="bbox 486 3151 2169 3275; baseline -0.004 -28"><span class='ocrx_word' id='word_1_124' title='bbox 486 3151 646 3248; x_wconf 73' lang='lat' dir='ltr'><strong>etant.¹</strong></span> <span class='ocrx_word' id='word_1_125' title='bbox 687 3163 938 3247; x_wconf 86' lang='lat' dir='ltr'><strong>Incubantas</strong></span> <span class='ocrx_word' id='word_1_126' title='bbox 977 3189 1116 3246; x_wconf 90' lang='lat' dir='ltr'><strong>morsu</strong></span> <span class='ocrx_word' id='word_1_127' title='bbox 1150 3161 1348 3248; x_wconf 86' lang='lat' dir='ltr'><strong>ferociter</strong></span> <span class='ocrx_word' id='word_1_128' title='bbox 1373 3193 1417 3248; x_wconf 91' lang='lat' dir='ltr'><strong>se</strong></span> <span class='ocrx_word' id='word_1_129' title='bbox 1447 3165 1691 3250; x_wconf 85' lang='lat' dir='ltr'><strong>defenduut.</strong></span> <span class='ocrx_word' id='word_1_130' title='bbox 1762 3164 1857 3248; x_wconf 83' lang='lat' dir='ltr'><strong>Ova</strong></span> <span class='ocrx_word' id='word_1_131' title='bbox 1882 3158 2050 3275; x_wconf 84' lang='lat' dir='ltr'><strong>singula</strong></span> <span class='ocrx_word' id='word_1_132' title='bbox 2078 3185 2169 3242; x_wconf 90' lang='lat' dir='ltr'><strong>raro</strong></span> 
     </span>
     <span class='ocr_line' id='line_1_18' title="bbox 485 3311 2175 3428; baseline -0.002 -30"><span class='ocrx_word' id='word_1_133' title='bbox 485 3313 612 3416; x_wconf 89' lang='lat' dir='ltr'><strong>bina,</strong></span> <span class='ocrx_word' id='word_1_134' title='bbox 642 3311 754 3398; x_wconf 89' lang='lat' dir='ltr'><strong>circa</strong></span> <span class='ocrx_word' id='word_1_135' title='bbox 780 3311 895 3398; x_wconf 78' lang='lat' dir='ltr'><strong>lunii</strong></span> <span class='ocrx_word' id='word_1_136' title='bbox 929 3311 1120 3415; x_wconf 85' lang='lat' dir='ltr'><strong>initium,</strong></span> <span class='ocrx_word' id='word_1_137' title='bbox 1163 3314 1356 3426; x_wconf 85' lang='lat' dir='ltr'><strong>grandia,</strong></span> <span class='ocrx_word' id='word_1_138' title='bbox 1386 3315 1565 3401; x_wconf 86' lang='lat' dir='ltr'><strong>anatinis</strong></span> <span class='ocrx_word' id='word_1_139' title='bbox 1594 3322 1772 3428; x_wconf 82' lang='lat' dir='ltr'><strong>majora,</strong></span> <span class='ocrx_word' id='word_1_140' title='bbox 1802 3311 2008 3416; x_wconf 86' lang='lat' dir='ltr'><strong>candida,</strong></span> <span class='ocrx_word' id='word_1_141' title='bbox 2036 3328 2175 3412; x_wconf 84' lang='lat' dir='ltr'><strong>ovata,</strong></span> 
     </span>
     <span class='ocr_line' id='line_1_19' title="bbox 485 3461 2177 3580; baseline -0.002 -32"><span class='ocrx_word' id='word_1_142' title='bbox 485 3486 664 3580; x_wconf 87' lang='lat' dir='ltr'><strong>utroque</strong></span> <span class='ocrx_word' id='word_1_143' title='bbox 691 3463 851 3550; x_wconf 79' lang='lat' dir='ltr'><strong>vertice</strong></span> <span class='ocrx_word' id='word_1_144' title='bbox 880 3466 1049 3568; x_wconf 87' lang='lat' dir='ltr'><strong>obtusa,</strong></span> <span class='ocrx_word' id='word_1_145' title='bbox 1079 3461 1364 3578; x_wconf 87' lang='lat' dir='ltr'><strong>sapidissima,</strong></span> <span class='ocrx_word' id='word_1_146' title='bbox 1394 3465 1546 3553; x_wconf 87' lang='lat' dir='ltr'><strong>vitello</strong></span> <span class='ocrx_word' id='word_1_147' title='bbox 1573 3494 1744 3569; x_wconf 83' lang='lat' dir='ltr'><strong>crocea,</strong></span> <span class='ocrx_word' id='word_1_148' title='bbox 1774 3463 1981 3552; x_wconf 88' lang='lat' dir='ltr'><strong>diametro</strong></span> <span class='ocrx_word' id='word_1_149' title='bbox 2016 3469 2069 3547; x_wconf 85' lang='lat' dir='ltr'><strong>t&#39;&#39;.</strong></span> <span class='ocrx_word' id='word_1_150' title='bbox 2099 3467 2177 3568; x_wconf 83' lang='lat'>9&#39;&#39;&#39;.</span> 
     </span>
     <span class='ocr_line' id='line_1_20' title="bbox 487 3613 2177 3736; baseline -0.005 -33"><span class='ocrx_word' id='word_1_151' title='bbox 487 3613 559 3703; x_wconf 73' lang='lat' dir='ltr'><strong>axi</strong></span> <span class='ocrx_word' id='word_1_152' title='bbox 586 3619 647 3702; x_wconf 84' lang='grc'><strong>3”.</strong></span> <span class='ocrx_word' id='word_1_153' title='bbox 681 3617 746 3701; x_wconf 87' lang='lat'><strong><em>1‘&#39;‘.</em></strong></span> <span class='ocrx_word' id='word_1_154' title='bbox 794 3617 1019 3723; x_wconf 82' lang='lat' dir='ltr'><strong>(Steller.</strong></span> <span class='ocrx_word' id='word_1_155' title='bbox 1045 3615 1152 3700; x_wconf 88' lang='grc' dir='ltr'><strong>Νου.</strong></span> <span class='ocrx_word' id='word_1_156' title='bbox 1182 3619 1297 3704; x_wconf 89' lang='lat' dir='ltr'><strong>Com.</strong></span> <span class='ocrx_word' id='word_1_157' title='bbox 1326 3619 1434 3706; x_wconf 82' lang='lat' dir='ltr'><strong>Patr.</strong></span> <span class='ocrx_word' id='word_1_158' title='bbox 1462 3622 1535 3704; x_wconf 86' lang='lat' dir='ltr'><strong>IV.</strong></span> <span class='ocrx_word' id='word_1_159' title='bbox 1564 3653 1605 3736; x_wconf 91' lang='lat' dir='ltr'><strong>p.</strong></span> <span class='ocrx_word' id='word_1_160' title='bbox 1634 3637 1729 3726; x_wconf 61' lang='lat' dir='ltr'><strong>aaa.</strong></span> <span class='ocrx_word' id='word_1_161' title='bbox 1758 3617 1844 3704; x_wconf 79' lang='lat' dir='ltr'><strong>tab.</strong></span> <span class='ocrx_word' id='word_1_162' title='bbox 1881 3649 1942 3702; x_wconf 78' lang='lat' dir='ltr'><strong>ra.</strong></span> <span class='ocrx_word' id='word_1_163' title='bbox 1960 3616 2050 3730; x_wconf 72' lang='lat' dir='ltr'><strong>fig.</strong></span> <span class='ocrx_word' id='word_1_164' title='bbox 2082 3619 2177 3726; x_wconf 89' lang='lat'><strong>17.)</strong></span> 
     </span>
     <span class='ocr_line' id='line_1_21' title="bbox 486 3763 2179 3858; baseline -0.003 -5"><span class='ocrx_word' id='word_1_165' title='bbox 486 3768 671 3854; x_wconf 88' lang='lat' dir='ltr'><strong>Pellium</strong></span> <span class='ocrx_word' id='word_1_166' title='bbox 714 3787 880 3851; x_wconf 80' lang='lat' dir='ltr'><strong>ventres</strong></span> <span class='ocrx_word' id='word_1_167' title='bbox 918 3763 1057 3854; x_wconf 85' lang='lat' dir='ltr'><strong>Curili</strong></span> <span class='ocrx_word' id='word_1_168' title='bbox 1100 3788 1145 3853; x_wconf 92' lang='lat' dir='ltr'><strong>et</strong></span> <span class='ocrx_word' id='word_1_169' title='bbox 1182 3765 1350 3856; x_wconf 88' lang='lat' dir='ltr'><strong>incolae</strong></span> <span class='ocrx_word' id='word_1_170' title='bbox 1378 3769 1610 3858; x_wconf 87' lang='lat' dir='ltr'><strong>insularum</strong></span> <span class='ocrx_word' id='word_1_171' title='bbox 1635 3801 1777 3858; x_wconf 78' lang='lat' dir='ltr'><strong>versus</strong></span> <span class='ocrx_word' id='word_1_172' title='bbox 1804 3767 2050 3856; x_wconf 85' lang='lat' dir='ltr'><strong>Americam</strong></span> <span class='ocrx_word' id='word_1_173' title='bbox 2078 3763 2179 3850; x_wconf 83' lang='lat' dir='ltr'><strong>sita-</strong></span> 
     </span>
     <span class='ocr_line' id='line_1_22' title="bbox 484 3915 2181 4038; baseline -0.002 -34"><span class='ocrx_word' id='word_1_174' title='bbox 484 3949 600 4024; x_wconf 90' lang='lat' dir='ltr'><strong>rum,</strong></span> <span class='ocrx_word' id='word_1_175' title='bbox 628 3919 843 4038; x_wconf 87' lang='lat' dir='ltr'><strong>ipsiusque</strong></span> <span class='ocrx_word' id='word_1_176' title='bbox 872 3916 1148 4005; x_wconf 86' lang='lat' dir='ltr'><strong>occidentalis</strong></span> <span class='ocrx_word' id='word_1_177' title='bbox 1174 3921 1400 4009; x_wconf 85' lang='lat' dir='ltr'><strong>Americae</strong></span> <span class='ocrx_word' id='word_1_178' title='bbox 1429 3922 1585 4010; x_wconf 84' lang='lat' dir='ltr'><strong>littoris</strong></span> <span class='ocrx_word' id='word_1_179' title='bbox 1612 3920 1659 4008; x_wconf 89' lang='lat' dir='ltr'><strong>in</strong></span> <span class='ocrx_word' id='word_1_180' title='bbox 1686 3925 1897 4019; x_wconf 87' lang='lat' dir='ltr'><strong>lacernas,</strong></span> <span class='ocrx_word' id='word_1_181' title='bbox 1925 3915 2181 4036; x_wconf 85' lang='lat' dir='ltr'><strong>praesertim</strong></span> 
     </span>
     <span class='ocr_line' id='line_1_23' title="bbox 486 4069 2182 4190; baseline -0.002 -32"><span class='ocrx_word' id='word_1_182' title='bbox 486 4069 680 4160; x_wconf 74' lang='lat' dir='ltr'><strong>virilibus</strong></span> <span class='ocrx_word' id='word_1_183' title='bbox 726 4094 953 4174; x_wconf 89' lang='lat' dir='ltr'><strong>consuunt,</strong></span> <span class='ocrx_word' id='word_1_184' title='bbox 1011 4069 1141 4158; x_wconf 89' lang='lat' dir='ltr'><strong>ochra</strong></span> <span class='ocrx_word' id='word_1_185' title='bbox 1181 4076 1428 4190; x_wconf 86' lang='lat' dir='ltr'><strong>plerumque</strong></span> <span class='ocrx_word' id='word_1_186' title='bbox 1465 4079 1588 4162; x_wconf 87' lang='lat' dir='ltr'><strong>rubra</strong></span> <span class='ocrx_word' id='word_1_187' title='bbox 1628 4075 1809 4173; x_wconf 87' lang='lat' dir='ltr'><strong>tinctos,</strong></span> <span class='ocrx_word' id='word_1_188' title='bbox 1865 4093 1910 4158; x_wconf 90' lang='lat' dir='ltr'><strong>et</strong></span> <span class='ocrx_word' id='word_1_189' title='bbox 1945 4091 2182 4157; x_wconf 89' lang='lat' dir='ltr'><strong>rostromm</strong></span> 
     </span>
     <span class='ocr_line' id='line_1_24' title="bbox 487 4221 2181 4344; baseline 0.001 -38"><span class='ocrx_word' id='word_1_190' title='bbox 487 4224 770 4339; x_wconf 89' lang='lat' dir='ltr'><strong>superioribus</strong></span> <span class='ocrx_word' id='word_1_191' title='bbox 797 4221 1000 4324; x_wconf 85' lang='lat' dir='ltr'><strong>maxillis,</strong></span> <span class='ocrx_word' id='word_1_192' title='bbox 1032 4223 1114 4310; x_wconf 91' lang='lat' dir='ltr'><strong>ossi</strong></span> <span class='ocrx_word' id='word_1_193' title='bbox 1143 4225 1362 4331; x_wconf 88' lang='lat' dir='ltr'><strong>detractis,</strong></span> <span class='ocrx_word' id='word_1_194' title='bbox 1391 4256 1468 4342; x_wconf 91' lang='lat' dir='ltr'><strong>pro</strong></span> <span class='ocrx_word' id='word_1_195' title='bbox 1496 4225 1736 4344; x_wconf 88' lang='lat' dir='ltr'><strong>crepundiis</strong></span> <span class='ocrx_word' id='word_1_196' title='bbox 1766 4225 1878 4314; x_wconf 86' lang='lat' dir='ltr'><strong>circa</strong></span> <span class='ocrx_word' id='word_1_197' title='bbox 1906 4253 2021 4310; x_wconf 89' lang='lat' dir='ltr'><strong>oram</strong></span> <span class='ocrx_word' id='word_1_198' title='bbox 2048 4245 2181 4336; x_wconf 87' lang='lat' dir='ltr'><strong>togae</strong></span> 
     </span>
     <span class='ocr_line' id='line_1_25' title="bbox 486 4371 2180 4492; baseline -0.001 -35"><span class='ocrx_word' id='word_1_199' title='bbox 486 4397 527 4457; x_wconf 89' lang='lat' dir='ltr'><strong>et</strong></span> <span class='ocrx_word' id='word_1_200' title='bbox 557 4375 669 4460; x_wconf 88' lang='lat' dir='ltr'><strong>circa</strong></span> <span class='ocrx_word' id='word_1_201' title='bbox 697 4375 840 4460; x_wconf 88' lang='lat' dir='ltr'><strong>mitras</strong></span> <span class='ocrx_word' id='word_1_202' title='bbox 869 4377 1082 4492; x_wconf 87' lang='lat' dir='ltr'><strong>appensis,</strong></span> <span class='ocrx_word' id='word_1_203' title='bbox 1140 4403 1359 4468; x_wconf 84' lang='lat' dir='ltr'><strong>exornant.</strong></span> <span class='ocrx_word' id='word_1_204' title='bbox 1428 4381 1657 4468; x_wconf 85' lang='lat' dir='ltr'><strong>Foeminae</strong></span> <span class='ocrx_word' id='word_1_205' title='bbox 1696 4403 1836 4465; x_wconf 88' lang='lat' dir='ltr'><strong>autem</strong></span> <span class='ocrx_word' id='word_1_206' title='bbox 1861 4373 2023 4462; x_wconf 86' lang='lat' dir='ltr'><strong>cirrhos</strong></span> <span class='ocrx_word' id='word_1_207' title='bbox 2050 4371 2180 4486; x_wconf 86' lang='lat' dir='ltr'><strong>hujus</strong></span> 
     </span>
     <span class='ocr_line' id='line_1_26' title="bbox 484 4523 2179 4651; baseline 0.001 -43"><span class='ocrx_word' id='word_1_208' title='bbox 484 4523 751 4614; x_wconf 83' lang='lat' dir='ltr'><strong>avis&#39;adfixis</strong></span> <span class='ocrx_word' id='word_1_209' title='bbox 796 4530 850 4613; x_wconf 90' lang='lat' dir='ltr'><strong>ad</strong></span> <span class='ocrx_word' id='word_1_210' title='bbox 890 4529 1031 4646; x_wconf 88' lang='lat' dir='ltr'><strong>capita</strong></span> <span class='ocrx_word' id='word_1_211' title='bbox 1059 4528 1212 4616; x_wconf 87' lang='lat' dir='ltr'><strong>albidis</strong></span> <span class='ocrx_word' id='word_1_212' title='bbox 1241 4561 1265 4616; x_wconf 90' lang='lat' dir='ltr'><strong>e</strong></span> <span class='ocrx_word' id='word_1_213' title='bbox 1292 4535 1492 4646; x_wconf 86' lang='lat' dir='ltr'><strong>gulonum</strong></span> <span class='ocrx_word' id='word_1_214' title='bbox 1519 4536 1634 4651; x_wconf 88' lang='lat' dir='ltr'><strong>pelle</strong></span> <span class='ocrx_word' id='word_1_215' title='bbox 1663 4523 1843 4618; x_wconf 86' lang='lat' dir='ltr'><strong>exsectis</strong></span> <span class='ocrx_word' id='word_1_216' title='bbox 1868 4527 1975 4614; x_wconf 82' lang='lat' dir='ltr'><strong>areis</strong></span> <span class='ocrx_word' id='word_1_217' title='bbox 2003 4525 2179 4612; x_wconf 84' lang='lat' dir='ltr'><strong>imitan-</strong></span> 
     </span>
     <span class='ocr_line' id='line_1_27' title="bbox 483 4671 1644 4774; baseline 0.005 -12"><span class='ocrx_word' id='word_1_218' title='bbox 483 4677 623 4774; x_wconf 83' lang='lat' dir='ltr'><strong>turin</strong></span> <span class='ocrx_word' id='word_1_219' title='bbox 652 4679 930 4767; x_wconf 86' lang='lat' dir='ltr'><strong>Camtscatca.</strong></span> <span class='ocrx_word' id='word_1_220' title='bbox 1638 4671 1644 4678; x_wconf 41' lang='lat'>⁸</span> 
     </span>
    </p>
   </div>
   <div class='ocr_carea' id='block_1_2' title="bbox 482 4831 2183 5108">
    <p class='ocr_par' dir='ltr' id='par_1_10' title="bbox 482 4831 2183 5108">
     <span class='ocr_line' id='line_1_28' title="bbox 621 4831 2183 4958; baseline 0.001 -44"><span class='ocrx_word' id='word_1_221' title='bbox 621 4833 665 4914; x_wconf 93' lang='lat' dir='ltr'>N</span> <span class='ocrx_word' id='word_1_222' title='bbox 671 4851 733 4917; x_wconf 81' lang='lat' dir='ltr'><strong>ot.</strong></span> <span class='ocrx_word' id='word_1_223' title='bbox 785 4831 1130 4948; x_wconf 85' lang='lat' dir='ltr'><strong>Descriptionem</strong></span> <span class='ocrx_word' id='word_1_224' title='bbox 1170 4857 1380 4924; x_wconf 87' lang='lat' dir='ltr'><strong>acuratam</strong></span> <span class='ocrx_word' id='word_1_225' title='bbox 1414 4836 1504 4924; x_wconf 81' lang='lat' dir='ltr'><strong>rid.</strong></span> <span class='ocrx_word' id='word_1_226' title='bbox 1541 4837 1589 4924; x_wconf 91' lang='lat' dir='ltr'><strong>in</strong></span> <span class='ocrx_word' id='word_1_227' title='bbox 1615 4841 1846 4958; x_wconf 75' lang='lat' dir='ltr'><strong>Spicilegiis</strong></span> <span class='ocrx_word' id='word_1_228' title='bbox 1871 4843 1901 4924; x_wconf 87' lang='lat' dir='ltr'><strong>l.</strong></span> <span class='ocrx_word' id='word_1_229' title='bbox 1930 4864 1966 4921; x_wconf 88' lang='lat' dir='ltr'><strong>c.</strong></span> <span class='ocrx_word' id='word_1_230' title='bbox 2024 4837 2118 4916; x_wconf 84' lang='lat' dir='ltr'><strong>Mas</strong></span> <span class='ocrx_word' id='word_1_231' title='bbox 2150 4863 2183 4916; x_wconf 82' lang='lat' dir='ltr'><strong>a</strong></span> 
     </span>
     <span class='ocr_line' id='line_1_29' title="bbox 482 4979 2178 5108; baseline 0.002 -44"><span class='ocrx_word' id='word_1_232' title='bbox 482 4979 670 5068; x_wconf 78' lang='lat' dir='ltr'><strong>foemina</strong></span> <span class='ocrx_word' id='word_1_233' title='bbox 695 4981 873 5070; x_wconf 87' lang='lat' dir='ltr'><strong>minime</strong></span> <span class='ocrx_word' id='word_1_234' title='bbox 903 4986 1065 5091; x_wconf 75' lang='lat' dir='ltr'><strong>diflert,</strong></span> <span class='ocrx_word' id='word_1_235' title='bbox 1102 5016 1182 5074; x_wconf 87' lang='lat' dir='ltr'><strong>nec</strong></span> <span class='ocrx_word' id='word_1_236' title='bbox 1212 4991 1362 5076; x_wconf 88' lang='lat' dir='ltr'><strong>adsunt</strong></span> <span class='ocrx_word' id='word_1_237' title='bbox 1390 4991 1605 5079; x_wconf 87' lang='lat' dir='ltr'><strong>cornicula</strong></span> <span class='ocrx_word' id='word_1_238' title='bbox 1633 4989 1937 5108; x_wconf 87' lang='lat' dir='ltr'><strong>supraciliaria,</strong></span> <span class='ocrx_word' id='word_1_239' title='bbox 1971 4985 2090 5071; x_wconf 85' lang='lat' dir='ltr'><strong>utin</strong></span> <span class='ocrx_word' id='word_1_240' title='bbox 2117 4989 2178 5068; x_wconf 86' lang='lat' dir='ltr'><strong>L.</strong></span> 
     </span>
    </p>
   </div>
   <div class='ocr_carea' id='block_1_3' title="bbox 0 0 2394 6036">
    <p class='ocr_par' dir='ltr' id='par_1_11' title="bbox 0 0 2394 6036">
     <span class='ocr_line' id='line_1_30' title="bbox 0 0 2394 6036; baseline 0 0"><span class='ocrx_word' id='word_1_241' title='bbox 0 0 2394 6036; x_wconf 95' lang='lat' dir='ltr'><strong> </strong></span> 
     </span>
    </p>
   </div>
  </div>
 </body>
</html>
