4734 6070
1001 491 1149 552 ==
1417 445 1420 450 ’
1838 494 1920 560 rrr

223 695 270 784 in
297 704 468 784 amam
507 690 705 812 occipitia
746 680 1062 812 dependentem
1102 691 1458 811 elegantissimam
1501 697 1705 812 producta
1733 725 1843 812 quae
1873 699 1928 786 ad

222 846 409 940 nucham
437 847 749 934 corniculorum
777 846 909 933 instar
935 845 1188 962 prominent.
1247 851 1472 957 (Foemr'nr's
1490 845 1571 934 hae
1600 850 1752 936 cristae
1788 879 1930 966 super·

222 1001 394 1092 ciliares
421 1001 559 1088 minus
585 1003 805 1120 proliuae,
861 1029 918 1084 ex
945 1001 1188 1089 canescenti
1216 1003 1373 1118 albae).
1431 1005 1593 1112 Corpus
1620 1025 1756 1090 totum
1784 1006 1921 1112 plum-

220 1156 526 1257 beo-canum
566 1153 745 1242 cervicis
774 1175 819 1239 et
850 1152 1141 1270 interscapulii
1171 1155 1342 1270 plumae
1372 1153 1739 1270 elegantissimae,
1770 1133 1924 1244 acumi-

219 1331 369 1415 natae,
417 1307 653 1426 rigidulae‚
697 1306 849 1394 rhachi
876 1307 1062 1395 tenuiter
1088 1311 1243 1398 fuscae.
1299 1313 1491 1424 Remigcs
1520 1325 1586 1398 32.
1616 1341 1713 1408 cum
1742 1313 1809 1396 ala
1840 1309 1929 1424 pri?

219 1461 355 1550 maria
391 1485 482 1550 tota
521 1460 762 1550 canescenti
776 1513 790 1528 ·
804 1461 974 1577 nigrae,
1024 1483 1215 1552 extrem
1251 1462 1484 1577 nigriores,
1535 1463 1714 1551 intimae
1745 1481 1783 1554 5.
1812 1465 1923 1551 ultra

221 1611 344 1702 alam·
361 1613 608 1734 primariam
640 1617 875 1731 elongatae,
903 1615 991 1699 lere
1019 1637 1135 1701 totae
1164 1639 1407 1703 canes-cunt.
1466 1619 1615 1706 Coudo
1640 1617 1921 1733 subaequalis,

219 1771 603 1858 cano-tuscascens
614 1832 630 1871 ,
657 1767 813 1886 pennis
837 1767 948 1854 latis.
1006 1769 1135 1854 Pedes
1161 1767 1401 1883 longissimi
1427 1769 1565 1884 nigri3
1614 1771 1739 1884 digiti
1765 1768 1925 1857 medio·

222 1952 331 2028 cres,
358 1929 472 2041 pltea
497 1943 660 2011 tantum
692 1919 926 2010 estanores
953 1952 1118 2028 crassa,
1146 1921 1361 2010 interioris
1389 1955 1524 2038 ungue
1553 1923 1760 2038 longiore,
1790 1925 1918 2008 adun·

218 2103 283 2164 co.
346 2053 510 2164 Pindus
537 2076 741 2162 librarum
769 2090 823 2166 δὲ.
881 2051 1075 2164 Mensura
1105 2079 1158 2164 ad
1186 2074 1440 2194 uropygium
1468 2075 1709 2194 bipedalis;
1739 2077 1793 2162 ad
1821 2097 1922 2161 ster*

217 2259 322 2316 num
358 2241 405 2314 r'.
435 2234 496 2314 εἶ’.
526 2228 597 2344 7'‘'.
626 2228 754 2316 rostri
779 2231 832 2314 ad
859 2230 1043 2315 frontem
1075 2229 1133 2314 2⁰.
1164 2231 1237 2334 4'‘'.
1264 2230 1389 2314 ulnae
1420 2229 1581 2314 alarum
1616 2231 1659 2314 r'.
1689 2229 1751 2318 δ”.
1782 2265 1822 2315 ο.
1850 2258 1922 2315 εκ-

217 2411 446 2502 pensarum
473 2385 521 2472 5'.
552 2385 612 2490 4‘'.
643 2383 711 2470 6'''.
757 2383 917 2469 caudae
944 2384 1005 2493 7‘'.
1036 2383 1105 2469 3''‘.
1141 2380 1349 2468 femorum
1384 2411 1479 2500 pars
1515 2382 1672 2468 nudata
1701 2383 1765 2472 δ”.
1791 2379 1923 2466 tibia·

215 2565 311 2626 rum
341 2537 403 2623 6''.
432 2537 502 2624 δ”.
532 2533 660 2652 digiti
686 2533 819 2621 antici
846 2533 980 2620 medii
1009 2537 1128 2644 (cum
1155 2561 1254 2648 ung.
1284 2536 1374 2646 dm.)
1405 2534 1463 2636 αἶ’.
1480 2534 1553 2642 nm.
1580 2532 1737 2652 postici
1759 2539 1853 2621 rom.
1871 2583 1922 2602 -

214 2689 351 2780 Pullis
376 2689 533 2804 lanugo
560 2688 754 2792 cinerea,
802 2688 848 2774 in
877 2685 1017 2804 capite
1046 2708 1091 2771 et
1118 2688 1232 2775 collo
1260 2688 1495 2792 latescens,
1526 2687 1802 2776 adultioribus
1820 2665 1922 2774 ¹cot·

214 2871 294 2964 pus
324 2865 486 2948 totum,
517 2865 665 2930 vertex
694 2865 738 2928 et
766 2841 911 2928 cervix
939 2839 1143 2958 plumbeo
1159 2897 1174 2910 -
1190 2839 1386 2942 cinerea,
1414 2842 1559 2928 subtus
1587 2840 1824 2929 sordidiore
1852 2867 1922 2928 co·

213 2997 324 3088 lore.
379 3001 588 3084 fasciculi
612 2993 904 3113 superciliares
931 3016 1158 3080 retrorsum
1189 2993 1340 3080 arrecti
1365 2995 1527 3098 breves,
1556 2992 1650 3080 basi
1677 2993 1921 3098 albidiores,

215 3171 413 3236 extremo
453 3149 747 3238 luscescentes.
818 3127 951 3254 Gula,
1002 3147 1161 3234 collum
1189 3148 1343 3266 ,subtus
1372 3171 1417 3234 et
1443 3150 1644 3266 prolobus
1672 3145 1830 3236 sensim
1857 3141 1922 3233 tri·

213 3325 427 3420 meseum.

352 3459 397 3544 N
402 3476 465 3544 ot.
494 3465 671 3546 amicita.
714 3461 974 3576 Sclrangin
1012 3459 1065 3546 ad
1096 3455 1192 3544 fluv.
1234 3459 1403 3576 Gorgon
1437 3457 1616 3578 Alpium
1657 3460 1922 3547 Altaicarunt

206 3609 456 3702 observarit
467 3614 599 3697 Grues
613 3611 856 3728 vulgaribus
867 3611 1063 3719 minores,
1096 3614 1443 3718 coerulescentes,
1472 3611 1652 3730 pedibus
1679 3603 1920 3700 humiliori·

207 3759 308 3871 bus,
338 3792 443 3850 voce
471 3795 496 3850 a
522 3763 659 3852 solitis
688 3765 874 3853 diversas
903 3768 980 3853 sed
1006 3796 1091 3853 non
1117 3763 1260 3886 potuit
1286 3765 1480 3852 cominus
1505 3764 1761 3852 examinare.
1820 3765 1919 3846 For·

209 3949 292 4006 san
313 3919 367 4008 ad
389 3920 440 4006 G.
467 3916 679 4035 virginem
700 3943 824 4006 enmt
843 3917 1102 4024 referendae,
1131 3949 1240 4036 quae
1261 3941 1405 4006 tamen
1427 3917 1472 4007 in
1494 3920 1627 4039 pedes
1648 3946 1823 4036 procera
1842 3936 1924 4001 est.

735 4099 851 4202 242.
936 4075 1148 4173 GRUS
1223 4081 1405 4202 Vipio.

361 4227 413 4312 G.
451 4225 667 4346 palpebris
702 4225 947 4344 circuloque
982 4223 1147 4312 aurium
1186 4225 1312 4312 nudis
1345 4223 1508 4330 rubris,
1551 4251 1726 4343 corpore
1756 4217 1917 4311 cinera-

208 4399 387 4486 scente,
418 4379 651 4496 remigibus
675 4377 821 4495 nigris.

442 4538 547 4618 Grus
574 4531 716 4619 minor
743 4531 886 4639 albus,
916 4535 1088 4620 Gmelin.
1115 4561 1199 4619 sert.
1228 4531 1312 4616 olts.
1342 4531 1434 4616 MS.

359 4675 476 4772 Mihi
503 4683 612 4772 haec
641 4683 806 4803 species
833 4683 881 4771 in
908 4684 1094 4772 Dauuria
1122 4713 1202 4770 nec
1230 4683 1344 4788 vise,
1375 4713 1455 4771 nec
1485 4683 1641 4792 audite,
1671 4705 1920 4800 sequentem

210 4865 325 4930 vcro
368 4837 697 4956 descriptionem
740 4847 829 4955 ejus
869 4860 914 4923 et
952 4836 1123 4926 iconem
1166 4867 1252 4922 non
1295 4836 1522 4924 admodum
1560 4839 1741 4943 bonam,
1812 4837 1927 4923 inter

210 4995 444 5086 Gmclini
490 5001 660 5084 senioris
687 4989 867 5081 schedas
895 4989 1064 5111 reperi,
1113 4987 1189 5108 qui
1216 4987 1337 5076 illam
1364 4989 1412 5076 in
1439 4989 1605 5111 oppido
1624 4985 1922 5094 Nertscltiuslr,
