4770 6042
1004 493 1161 544 ²¹⁵²·
1861 488 1917 572 53

238 693 321 786 mis
358 689 627 790 borealibus3
682 689 893 809 copiosior
927 691 973 778 in
1013 689 1310 796 orientalibus,
1363 697 1462 779 Vox
1490 692 1578 778 fere
1605 681 1848 779 Schoenicli
1877 715 1923 782 et

235 847 471 938 modulatio
499 847 652 931 brevis.
711 847 939 932 Nidulatur
969 842 1089 930 humi
1118 875 1260 930 mense
1289 853 1413 960 majo.
1471 847 1606 932 Nidus
1628 843 1923 962 haemisphae-

236 1003 366 1106 ricus,
411 1029 435 1082 e
463 998 720 1112 graminibus
748 997 1015 1116 cyperoideis
1042 1017 1085 1082 et
1113 997 1361 1114 Lycopodio
1388 996 1691 1104 textus,‚intus
1719 1003 1921 1100 Larorum

233 1152 391 1269 plumis
418 1173 463 1236 et
490 1151 588 1268 pilis
618 1152 805 1266 Capreae
832 1173 876 1236 et
902 1121 1027 1234 Alcis·
1049 1169 1213 1239 strstus.
1271 1151 1363 1234 Ova
1392 1163 1431 1236 5.
1461 1151 1610 1265 glauco
1635 1151 1923 1238 coerulescen·

234 1305 320 1410 tia,
351 1305 528 1389 maculis
556 1289 726 1388 cinereo
744 1357 758 1370 ·
776 1301 912 1390 faucis.
971 1306 1157 1388 Vescitur
1210 1301 1464 1418 coleopteris
1490 1301 1752 1389 minioribus.

374 1459 546 1541 Descr.
583 1458 830 1568 Magnitudo
872 1457 958 1541 fere
998 1451 1230 1539 Schonicli.
1287 1456 1418 1540 Irides
1445 1457 1699 1542 avellaneaes
1757 1459 1798 1541 V
1795 1476 1923 1562 ates,

234 1618 397 1712 cervix,
415 1611 634 1722 fasciaque
661 1608 850 1720 jugulum
877 1608 1072 1722 cingens,
1117 1628 1161 1691 et
1187 1607 1353 1693 dorsum
1380 1626 1517 1692 totum
1546 1609 1734 1724 spadicei
1762 1639 1835 1696 seu
1862 1631 1922 1693 te·

233 1783 377 1848 staceo
391 1811 406 1826 ·
421 1761 516 1864 mfi,
561 1758 719 1843 intensi
747 1757 912 1844 coloris.
979 1760 1151 1846 Plumae
1178 1757 1289 1845 circa
1316 1790 1455 1862 nares,
1498 1758 1679 1846 ambitus
1707 1761 1925 1846 oculorum

234 1937 281 1999 et
304 1921 411 2027 gula
440 1935 541 1996 atra.
608 1909 791 2025 Reliqua
817 1911 960 1998 subtus
988 1911 1075 1996 avis
1102 1909 1386 2026 pulcherrime
1425 1910 1571 1996 citrini
1599 1911 1763 1997 coloris.
1832 1913 1877 1994 H
1873 1943 1923 2024 y·

234 2065 487 2183 pochandria
522 2060 852 2162 fusco-striata3
891 2071 1060 2148 crissurn
1094 2065 1221 2149 albet.
1278 2067 1453 2150 Alarum
1487 2066 1607 2148 bases
1634 2061 1744 2148 imae
1771 2066 1926 2170 fuscae,

233 2217 337 2304 hinc
379 2215 465 2300 late
508 2216 649 2316 albae,
692 2216 766 2297 sed
793 2212 990 2300 rectrices
1031 2215 1295 2330 remigesque
1336 2215 1568 2330 nigricant,
1625 2214 1812 2331 margine
1854 2247 1923 2300 ru-

234 2371 439 2456 fescente.
497 2368 643 2451 Cauda
658 2364 967 2480 sublorcipata;
993 2376 1179 2451 rectrices
1194 2367 1386 2480 utrinque
1404 2400 1440 2451 a.
1458 2369 1631 2482 obliqua
1659 2367 1788 2452 fascia
1817 2369 1914 2456 alba

233 2542 419 2606 notatae.
475 2519 602 2604 Pedes
629 2546 778 2631 gryseo
793 2567 807 2582 ·
820 2513 987 2632 pallidi.
1044 2522 1095 2600 In
1122 2521 1324 2604 Faeminis
1352 2518 1495 2603 omnia
1523 2517 1797 2622 exsoletiora,
1835 2517 1924 2604 imo

233 2701 361 2787 saepe
390 2668 689 2758 obsoletissimi
715 2669 891 2754 colores.
947 2668 1112 2754 Pondus
1140 2686 1178 2758 5.
1209 2673 1261 2755 ad
1292 2687 1316 2759 6
1347 2668 1661 2775 drachmarum,
1698 2669 1768 2755 vel
1796 2671 1924 2786 paulo

233 2825 359 2910 ultra.
426 2827 640 2909 Mensurae
666 2818 852 2936 corporis
882 2832 939 2934 ζ’.
971 2826 1059 2912 5t‘''·
1090 2825 1248 2910 caudae
1278 2832 1338 2909 r''.
1368 2823 1435 2910 Ψ.
1467 2851 1743 2940 expansarum
1766 2821 1925 2914 alarum

234 2973 295 3066 tt'.
325 2979 399 3066 6''‘.
425 2973 752 3091 compositarum
779 2983 839 3056 2⁶.
869 2985 956 3082 93⁹2

486 3249 604 3334 οη.
677 3161 1119 3322 suusarza
1201 3199 1390 3374 rastra,
1429 3172 1564 3320 raa.
1601 3225 1676 3316 ar.

380 3435 428 3518 E.
457 3434 600 3518 subtus
627 3429 870 3538 flavissima,
914 3432 1053 3552 capite
1083 3431 1196 3520 collo
1234 3437 1522 3553 uropygioquc
1551 3430 1782 3552 sanguineo
1811 3433 1925 3541 rufis,-

236 3587 417 3676 rectrice
445 3585 640 3702 utrinque
669 3586 830 3674 extima
858 3609 993 3674 tractu
1021 3588 1164 3674 albida
1191 3589 1397 3677 obsoleto.

462 3740 682 3824 Emberiza‘
711 3737 856 3846 rutila,
886 3743 993 3830 Pau.
1022 3751 1109 3826 itin.
1138 3743 1215 3825 m.
1246 3741 1421 3858 append.
1450 3771 1491 3860 ρ.
1528 3753 1622 3850 698.
1650 3773 1688 3826 n.
1720 3754 1786 3828 ab.
1912 3848 1926 3858 q

320 3891 327 3900 ’
374 3895 423 3976 In
451 3889 635 3976 salicetis
673 3889 884 3978 Dauuriae
923 3889 1073 3996 rarius,
1114 3922 1250 4007 neque
1295 3915 1512 4008 praeterea
1540 3891 1666 3981 ullibi
1693 3895 1927 3991 observata,

235 4073 320 4132 nec
348 4075 371 4128 a
398 4071 607 4160 quoquam
634 4046 999 4159 praedecessorum
1026 4044 1073 4130 in
1101 4043 1257 4128 Sibiria
1284 4066 1624 4132 commemorata.
1692 4046 1927 4132 Observata

236 4194 420 4314 primum
448 4218 643 4312 tempore
673 4196 935 4313 migrationis
963 4226 1115 4282 vernae
1146 4197 1198 4280 ad
1226 4199 1479 4284 Kulussutai.

380 4351 548 4435 Descr.
587 4351 836 4464 Magnitudo
863 4347 1126 4435 Citrinellae.
1187 4353 1378 4437 Rostrum
1405 4353 1581 4436 luscum.
1640 4355 1795 4465 Caput,
1843 4343 1929 4431 col·

236 4499 328 4588 lum
353 4522 514 4606 totum,
544 4511 889 4620 uropygiumque,
920 4503 1114 4589 masculis
1137 4503 1267 4590 etiam
1283 4505 1469 4608 dorsum,
1501 4501 1666 4586 intense
1681 4489 1928 4614 sanguineo·

236 4654 355 4751 rufa3
396 4653 589 4736 subtusa
617 4653 762 4768 jugulo
791 4656 844 4738 ad
872 4655 1048 4740 caudam
1088 4657 1253 4742 flavado
1291 4651 1577 4772 pulcherrima
1604 4651 1750 4738 citrea.
1820 4649 1930 4733 Arae

236 4825 286 4890 ct
313 4803 357 4888 in
377 4808 572 4914 foeminis
599 4807 788 4911 dorsum,
818 4805 958 4892 colore
985 4808 1176 4922 passeris.
1233 4810 1424 4920 Remiges
1441 4819 1519 4892 au.
1547 4803 1826 4920 nigricantes,
1854 4829 1931 4885 ora

234 4955 449 5044 exteriore
478 4985 644 5074 gryses,
673 4955 874 5046 interiore
906 4960 1094 5080 margine
1124 4960 1235 5046 albo.
1296 4959 1499 5046 Tectriccs
1526 4953 1800 5046 secundariae
1821 4979 1929 5040 mar·
