4770 6042
452 491 510 598 58
1212 501 1365 558 Ε

451 703 663 798 leniseam
705 691 944 822 Septembri
979 733 1095 812 ¹772·
1123 697 1170 784 in
1198 697 1387 786 medium
1415 697 1551 786 lorum
1594 696 1795 784 advolans
1823 697 2015 788 manibus
2045 729 2144 820 cap·

453 885 521 948 tus
551 882 595 945 et
623 855 743 944 vivus
770 859 823 943 ad
851 883 921 942 me
951 853 1114 938 delatus
1143 851 1224 938 luit
1251 851 1497 969 Urogallus,
1560 848 1631 937 cui
1656 848 1860 938 insertum
1889 851 2144 940 tlrermome·

451 1035 564 1100 trum
593 1007 805 1126 sanguinis
833 1009 1018 1095 calorem
1045 1003 1255 1092 indicavit
1288 1027 1394 1115 ¹07⁰·
1450 1001 1886 1092 Farenheitianorum.
1953 1005 2146 1093 leniseae

451 1164 620 1252 accolae
648 1185 796 1266 noctu,
827 1163 881 1248 ad
910 1189 1106 1246 accensas
1134 1159 1265 1262 faces,
1294 1157 1340 1242 in
1368 1155 1498 1274 sylvis
1526 1154 1646 1274 quasi
1677 1158 1890 1246 adtonitos
1922 1159 2148 1276 Urogallos

447 1317 626 1405 fustibus
652 1318 847 1403 caedunt.
906 1282 1070 1400 Ostiaci
1105 1313 1159 1396 ad
1174 1313 1316 1398 Obum
1346 1331 1476 1398 noctu
1503 1309 1609 1396 retia
1637 1309 1864 1428 piscatoria
1892 1343 1966 1398 sua
1992 1311 2039 1397 in
2062 1311 2143 1427 syl·

449 1501 502 1558 ra
532 1473 585 1557 ad
616 1506 638 1556 a
670 1497 894 1584 orgyarum
924 1497 948 1550 a
975 1487 1088 1549 terra
1128 1461 1398 1549 altitudinem
1439 1464 1719 1580 suspendunt,
1760 1461 1806 1548 in
1834 1493 1941 1578 quae
1969 1463 2145 1584 plurimi
2237 1507 2246 1520 ·

446 1621 658 1722 involant,
687 1643 732 1706 et
760 1619 821 1706 sic
850 1617 1021 1734 copiose
1052 1615 1293 1732 capiuntur,
1324 1613 1531 1702 vilissimo
1543 1613 1608 1700 ibi
1624 1614 1763 1731 pretio
1791 1618 1976 1704 venales.
2031 1623 2144 1704 Gen·

444 1773 544 1860 tiles
569 1773 749 1860 Sibiriae
778 1773 916 1858 solent
938 1769 1089 1876 etiam,
1120 1769 1172 1854 ad
1188 1765 1416 1885 capiendos
1443 1767 1685 1884 Urogallos‚
1716 1766 1827 1885 ripas
1854 1772 2039 1884 sylvosaa
2067 1774 2143 1856 llu-

444 1925 612 2012 viorum
639 1925 807 2013 bacillis
846 1921 1003 2009 humili
1031 1921 1268 2038 sepimento
1298 1919 1522 2026 claudunt,
1577 1917 1733 2036 passim
1764 1920 1918 2008 relicto
1946 1923 2141 2030 transitu,

442 2077 519 2164 ubi
549 2079 723 2194 laqueos
752 2098 959 2180 statuunt,
993 2103 1079 2190 quo
1108 2071 1284 2190 plurimi
1313 2041 1564 2158 intricanttu
1590 2098 1635 2159 et
1660 2075 1969 2188 strangulantur
1993 2077 2144 2164 transi·

442 2229 529 2316 turi
557 2231 611 2316 ad
638 2229 797 2348 ripam,
840 2229 915 2316 ubi
943 2230 1128 2345 glaream
1169 2225 1314 2340 legant
1340 2253 1417 2339 pro
1458 2223 1725 2312 trituratione
1767 2225 1977 2330 ciborum,
2023 2232 2141 2346 quod

442 2412 606 2469 summo
647 2413 759 2468 mare
800 2382 939 2470 facere
979 2399 1300 2466 consueverunt.
1370 2376 1553 2462 Maximi
1594 2379 1649 2464 ad
1686 2375 1895 2466 leniseam
1948 2382 2142 2502 Urogalli

443 2557 646 2624 vocantur
671 2539 822 2652 Kopbt.

451 2743 456 2756 ·
579 2691 623 2774 N
631 2710 696 2777 ot.
731 2727 766 2776 r.
795 2691 963 2776 Pondus
988 2685 1216 2801 majoribus
1245 2684 1461 2800 Urogallie
1477 2690 1532 2774 X.
1548 2689 1602 2773 ad
1614 2691 1693 2773 x1.
1705 2685 1921 2794 librarum,
1952 2687 2141 2780 foemina

446 2839 600 2928 minor.
657 2845 864 2929 Rectrices
893 2875 959 2929 ao.
985 2837 1196 2927 foeminae
1230 2851 1291 2925 ιδ.
1348 2842 1538 2954 demiges
1565 2851 1632 2928 30.
1689 2839 1905 2928 Iuniorum
1931 2843 2062 2946 color,
2090 2867 2142 2934 ut

444 2991 660 3079 foeminis.
732 2997 877 3108 Cyrtis
904 2992 1131 3110 conspicua
1158 2989 1290 3078 nulla.
1344 2995 1585 3080 intestinum
1611 2995 1887 3109 octopedale3
1928 3029 2052 3086 coeco
2079 3009 2137 3106 45

439 3143 669 3262 pollicum,
697 3145 898 3234 undecim
926 3147 1030 3264 poll.
1059 3141 1262 3234 distantia
1290 3149 1343 3232 ab
1372 3179 1471 3254 ano,
1500 3144 1676 3232 seorsim
1703 3145 1749 3234 in
1776 3177 1901 3264 gyros
1928 3174 2140 3256 contorta,

441 3295 556 3384 striis
596 3321 760 3414 septem
800 3299 1201 3415 longitudinalibus,
1243 3299 1396 3413 quibus
1437 3297 1550 3386 intus
1589 3303 1847 3416 respondent
1871 3311 2005 3421 plicae
2032 3305 2136 3392 toti·

440 3449 540 3534 dem
576 3449 775 3557 villosae,
832 3454 1077 3570 productae.
1151 3455 1392 3541 Troclea
1431 3451 1539 3538 mari
1565 3451 1612 3538 in
1651 3450 1745 3538 sinu
1772 3455 1906 3564 sterni
1931 3460 2135 3546 flexuosa.

437 3601 627 3702 Plumae,
655 3603 775 3689 utin
804 3605 1017 3710 affinibus,
1045 3605 1318 3723 duplicatae;
1348 3608 1426 3693 sub
1453 3605 1618 3719 singula
1641 3635 1794 3724 nempe
1822 3610 1968 3727 pluma
1995 3635 2135 3698 exter·

437 3781 493 3838 na
521 3754 730 3862 colorata,
772 3787 827 3844 ex
856 3759 1009 3844 eodem
1032 3787 1176 3876 ,scapo
1202 3757 1347 3876 prodit
1378 3759 1569 3876 plumula
1597 3756 1779 3845 dimidio
1805 3760 1999 3870 brevior,
2039 3787 2136 3854 tota

438 3902 680 4022 lanugiosa,
708 3910 851 3996 colore
880 3931 926 3995 et
952 3932 1120 3996 textura
1146 3909 1359 4027 lanuginis
1388 3909 1558 4028 majoris
1584 3913 1768 4030 plumae.
1825 3915 2012 4002 Musculi
2039 3947 2135 4004 rer·

438 4057 656 4148 misormes
686 4091 794 4178 quae
821 4061 868 4146 in
896 4093 1010 4148 mare
1035 4061 1252 4180 pruriente
1280 4064 1469 4181 linguam
1483 4089 1527 4154 et
1540 4067 1761 4183 laryngem
1786 4067 1973 4184 plattein
1987 4069 2132 4158 lauces

407 4209 674 4322 retrahunt,
718 4237 763 4303 et
789 4215 930 4302 denuo
957 4217 1162 4322 educunt,
1191 4247 1287 4304 cum
1314 4243 1520 4308 structura
1547 4216 1759 4335 glottidie,
1795 4241 1944 4308 notatu
1970 4220 2132 4338 dignis·

435 4360 547 4456 timi.

574 4571 625 4592 -
657 4553 697 4608 a.
722 4523 1200 4614 Metterschmidlur
1227 4535 1422 4616 minorem
1448 4533 1656 4622 statuebat
1681 4538 1923 4618 undantem
1948 4529 2130 4646 Urogal-

433 4667 491 4772 li,
529 4682 645 4790 cujus
673 4675 907 4761 foeminam
937 4675 1163 4763 describit:
1193 4693 1218 4767 6
1248 4683 1301 4768 ad
1328 4719 1353 4794 7
1382 4684 1584 4772 librarum
1623 4687 1834 4802 pondere,
1873 4683 2130 4772 rectricibus

438 4835 502 4912 aa.
531 4823 662 4942 nigris
691 4858 779 4915 non
804 4825 1016 4930 facciatis,
1056 4860 1233 4945 quarum
1260 4845 1301 4922 8.
1329 4835 1496 4922 mediae
1534 4834 1655 4954 apice
1685 4838 1829 4945 albae,
1872 4865 2021 4926 omnes
2048 4865 2129 4922 ex·

432 4995 500 5064 tus
526 4977 767 5098 ferrugineo
794 4980 1013 5072 irroratus.
1051 4985 1331 5078 Subcoudalcr
1341 4987 1508 5108 nigrae,
1546 4989 1667 5108 apice
1681 4989 1792 5081 albo.
1834 4987 2126 5108 nauigare.
