4734 6070
835 488 1149 554 x·--·-·=
1857 479 1923 577 89

405 689 703 786 ecuttnaees
740 713 838 782 cute
879 694 1025 797 mbas,
1066 692 1222 812 plumis
1260 693 1510 814 plemmque
1549 695 1775 784 resumatis
1819 696 1920 788 ctis«

512 847 639 967 pulis.

398 1041 431 1106 a).
458 999 693 1088 Gallinaces
720 995 981 1117 auriginoeae
992 1059 1006 1098 ,
1034 1017 1131 1085 cute
1159 1019 1205 1084 et
1237 997 1419 1116 pedibus
1444 996 1590 1104 flavis,
1627 1031 1653 1084 a
1682 1003 1920 1118 vulgaribus

507 1153 758 1272 plerumque
787 1152 980 1268 genitae;
1009 1175 1054 1238 et
1080 1151 1279 1240 dicuat-us
1305 1157 1545 1258 morbosae,
1574 1156 1629 1241 ad
1655 1155 1920 1276 propagatio·

510 1325 610 1390 nent
638 1303 755 1391 haud
783 1305 1020 1420 eligendae.

398 1459 442 1550 9.
470 1457 705 1554 Gallinaces
732 1459 999 1552 transversim
1025 1454 1196 1546 cittereo
1224 1459 1425 1576 fuscoque
1457 1458 1696 1578 variegatae
1734 1491 1809 1548 seu
1849 1461 1922 1548 do·

490 1578 652 1697 'liatae
838 1661 843 1670 ·

399 1795 434 1850 a.
461 1762 696 1856 Gallinacea
721 1793 955 1884 pygmaea,
990 1768 1182 1882 anglicae
1210 1767 1376 1866 dictae,
1403 1749 1805 1886 pedibuspennatit,
1831 1763 1922 1887 ple·

507 1943 684 2032 rumque
711 1917 906 2036 Gallinae
935 1919 1079 2026 albae,
1109 1921 1225 2010 Galli
1252 1921 1369 2008 fulvo
1402 1917 1524 2006 varii.

343 2065 519 2154 Rosaice
548 2048 940 2188 Petuch‘ffiallua),
969 2076 1125 2180 Kuriza
1151 2072 1370 2184 (Gallina).
1401 2069 1645 2162 Malorossis
1662 2071 1825 2178 Pamin,
1852 2072 1924 2160 Pe·

453 2227 509 2313 tel
537 2222 748 2344 (Gallus),
776 2227 914 2310 Kurae
943 2225 1167 2337 (Gallina).

342 2370 506 2466 Tanais
533 2371 856 2466 Casaaiensibus
880 2361 1042 2466 'Karta
1070 2377 1269 2492 (Gallus),
1303 2377 1421 2470 Tuae
1450 2374 1684 2494 (Gallina)3
1713 2369 1925 2461 Bucharo·

459 2525 595 2618 Persis
608 2529 767 2616 Chunls
793 2551 839 2614 et
870 2529 1001 2620 Telau.
1042 2527 1206 2614 Tasaris
1235 2531 1290 2616 ad
1317 2509 1552 2622 Ischimum
1577 2531 1740 2650 Ajalels.
1765 2521 1925 2618 lactatis

455 2681 716 2794 Kuruptselui
744 2689 788 2796 (a
817 2687 1044 2772 Rossorum
1072 2681 1260 2800 Kuriza).

346 2829 587 2922 Calmuccis
614 2854 660 2916 et
686 2834 901 2950 Mangolis
933 2836 1081 2928 Tekia.

347 2983 593 3078 Morduanit
619 2987 826 3078 Ataekach
862 2989 1075 3105 (Gallus),
1114 2991 1242 3086 Sarlts
1278 2989 1516 3102 (Gallina);
1572 2981 1765 3074 Votiacis
1799 2977 1951 3072 Attus·

458 3139 667 3253 (Gallus),
697 3142 892 3260 Kuraejils
922 3139 1154 3262 (Gallina);
1182 3140 1508 3232 Tachemmiasis
1535 3163 1581 3232 et
1597 3135 1926 3231 Tschuwaachis

460 3292 659 3380 Tachiche
695 3291 932 3408 (Gallina),
972 3297 1116 3388 Autan
1156 3298 1358 3414 (Gallus).
1413 3293 1592 3410 Vogulis
1632 3295 1814 3382 Kauaris
1852 3285 1928 3374 vel

458 3447 672 3543 Koraech,
698 3443 889 3564 itemque
907 3447 1112 3554 ‚Tokoclm
1142 3450 1355 3564 generice.
1384 3445 1620 3543 Permaecis
1639 3449 1833 3566 Kurdga5
1862 3438 1926 3530 Si·

466 3596 613 3689 taenis'
637 3597 869 3714 Tachipant
899 3601 1082 3688 Ostiacis
1115 3601 1342 3715 Tystures.

352 3751 587 3865 samojedis
612 3753 897 3842 Luzechandei
923 3759 1135 3870 (Lagopus
1173 3755 1361 3868 rossica).

352 3904 550 4000 Armenia
582 3905 757 4004 Woreuls
783 3907 998 4026 (Gallus),
1027 3909 1117 4021 Ges
1137 3907 1358 4022 (Gallina).

349 4057 556 4176 Tangutis
588 4059 812 4160 Wsshatub.

381 4213 588 4314 Exoticae
615 4211 720 4308 licet
748 4211 923 4328 originis
950 4211 1064 4316 avis,
1102 4237 1275 4332 propter
1302 4119 1661 4310 universalitatem
1699 4229 1842 4295 tamen
1880 4203 1928 4294 in
2044 4325 2049 4336 1

242 4371 390 4462 Fama
416 4387 558 4469 nostra
583 4365 726 4456 lucum
755 4390 968 4473 meretur,
996 4371 1268 4490 praesertim,
1307 4389 1355 4452 ut
1382 4367 1608 4453 varietates
1649 4385 1927 4481 exponantur.

239 4527 373 4642 Apud
414 4549 563 4622 omnes
603 4519 780 4644 Imperii
834 4520 997 4612 incolas
1039 4519 1316 4636 agriculturae
1356 4519 1525 4605 deditos
1568 4509 1763 4634 frequent
1802 4517 1934 4604 alitus

239 4675 428 4792 ubique,
456 4673 704 4793 praesertim
732 4684 887 4764 rustica
912 4713 953 4760 a.
981 4677 1229 4792 plemmque
1255 4673 1383 4764 fulvo'
1414 4669 1532 4762 vario
1571 4670 1740 4774 colore,
1781 4687 1930 4783 utpote

239 4825 535 4946 vulgatissima
562 4850 608 4912 et
635 4827 955 4926 verosimillime
982 4828 1146 4948 specie:
1172 4822 1456 4944 primigenio,
1482 4821 1559 4941 qui
1570 4848 1617 4911 ut
1643 4822 1690 4908 in
1716 4821 1813 4907 aliis
1840 4823 1934 4908 avi.

239 4985 348 5096 bus,
376 4981 424 5081 in
451 4979 620 5100 nigaum
644 5001 691 5070 et
717 4981 888 5086 album,
931 4983 1003 5076 tel
1043 4983 1149 5076 albe
1179 4987 1344 5079 versuu-
1370 5007 1496 5106 aaepe
1524 4999 1571 5072 et
1596 4975 1722 5066 lacile
1750 4979 1936 5092 deganan

1440 5165 1489 5222 aa
