4770 6042
447 469 517 572 68
1231 487 1380 546 a

452 691 682 812 fuliginoso
709 708 1020 809 conspurcatae;
1079 689 1206 777 Pedes
1232 684 1390 804 hyeme
1416 685 1592 804 plumis,
1620 686 1868 805 praesertim
1895 688 2007 778 cirea
2035 689 2143 808 digi-

453 871 519 936 tos
549 843 828 951 densissimis,
864 841 990 930 villos
1018 840 1315 946 referentibus,
1352 843 1427 928 sed
1455 839 1661 942 eleaticis,
1688 864 1733 926 et
1759 873 1883 961 supra
1914 843 2148 960 digitorum

451 1001 561 1088 latus
588 998 766 1085 inferius
796 1000 955 1086 nudum
986 993 1219 1083 arctissime
1248 993 1598 1101 conniventibus,
1626 1015 1675 1080 ut
1702 1017 1791 1083 tota
1820 998 1964 1115 planta
1993 997 2147 1086 villosa

451 1152 658 1240 rideatur.
690 1203 741 1220 -
768 1152 934 1238 Pondus
960 1145 1164 1248 sibiricis,
1201 1147 1448 1264 majoribus,
1491 1147 1603 1234 inter
1636 1164 1684 1237 ιδ
1713 1172 1757 1235 et
1787 1165 1837 1241 25
1866 1151 2011 1236 uncias
2039 1149 2147 1236 vari·

451 1325 519 1407 at3
563 1303 610 1390 in
640 1303 810 1390 aestivis
837 1301 1022 1389 maribus
1050 1305 1103 1388 ad
1137 1317 1198 1390 ιδ.
1228 1299 1396 1420 leminis
1423 1304 1477 1387 ad
1512 1317 1558 1392 15
1586 1301 1732 1390 uncias
1759 1301 1982 1404 minuitur,
2018 1325 2062 1389 et
2086 1309 2148 1416 ju-

450 1457 591 1546 niores
620 1455 873 1545 homotinae
904 1487 1021 1560 aves,
1077 1461 1268 1572 Augusto
1305 1458 1494 1562 adultae,
1550 1456 1677 1573 paulo
1706 1457 1816 1542 ultra
1850 1491 1894 1542 ro
1925 1485 2021 1544 unc.
2046 1485 2149 1573 pen·

452 1613 574 1698 dent.
644 1617 693 1696 In
732 1608 911 1696 Scoticis
953 1607 1107 1695 adultis
1145 1611 1309 1725 pondus
1356 1627 1403 1714 14
1430 1607 1650 1694 unciarum
1696 1610 1991 1724 Willugbbe
1993 1616 2074 1730 jus
2101 1629 2148 1694 et

447 1765 741 1851 Pennontus
767 1785 967 1850 statuunt.
1024 1768 1206 1876 Majores
1232 1758 1429 1847 sibiricae
1457 1791 1590 1879 prope
1619 1763 1819 1877 alpestres
1846 1783 2026 1867 tractus,
2062 1757 2147 1848 mis

450 1945 576 2002 nores
605 1937 873 2032 campestres.
929 1919 989 2000 At
1014 1913 1061 2001 in
1090 1918 1231 2002 Insula
1258 1912 1467 2029 Beringii,
1498 1917 1724 2004 Stellero
1752 1917 2021 2019 observante,
2061 1934 2146 1999 ter·

449 2067 512 2153 tia
545 2090 666 2185 parte
696 2075 871 2182 majores
898 2069 1027 2154 etiam
1056 2064 1383 2170 Camtchaticis,
1430 2097 1537 2182 quae
1565 2091 1708 2156 tamen
1735 2067 1847 2154 inter
1874 2065 2074 2155 Sibiricas
2100 2095 2146 2152 e·

454 2218 632 2306 minent.
690 2227 871 2334 Majores
900 2188 1030 2306 etiam
1058 2222 1244 2326 luerunt,
1274 2249 1377 2336 quas
1406 2249 1483 2337 per
1510 2220 1706 2308 amicum.
1722 2244 2002 2310 mercatorem
2028 2225 2144 2308 eLa·

446 2373 632 2460 bratoria
657 2373 884 2460 Americae
912 2395 1152 2491 procuratas
1180 2372 1333 2478 habui,
1376 2372 1568 2460 Sibiricis
1596 2377 1651 2460 ad
1679 2374 1904 2462 minimum
1932 2375 2147 2490 aequales,

443 2549 583 2612 rostro
617 2528 704 2614 lere
732 2523 982 2613 robustiore.
1053 2531 1204 2636 (Erant
1232 2550 1373 2613 autem
1398 2525 1480 2612 hae
1509 2528 1651 2615 colore
1678 2526 1875 2645 bybemo
1903 2527 2024 2632 albo,
2065 2531 2145 2616 sed

446 2678 590 2798 capite
619 2681 836 2796 colloque,
877 2702 1045 2796 praeter
1072 2679 1277 2766 verticem
1306 2679 1722 2796 albo-variegatam,
1763 2681 1971 2769 aestivum
2001 2711 2145 2770 serva·

442 2833 549 2918 bant
575 2835 784 2936 colorem,
825 2854 1006 2918 saturata
1034 2835 1224 2920 brunneo
1238 2835 1424 2939 -rufum,
1468 2833 1605 2950 qualis
1635 2835 1765 2922 etiam
1795 2835 1925 2920 rarius
1952 2833 2000 2922 in
2027 2833 2144 2922 Sibi·

440 2983 549 3074 sicis
583 2985 769 3072 maribus
797 2985 1063 3090 observatur,
1103 2985 1273 3072 undulis
1301 2985 1543 3074 transversis
1568 2987 1696 3075 fuscis
1722 3011 1886 3076 tantum
1914 3018 2054 3076 versus
2080 2995 2143 3102 ju·

439 3137 588 3252 mum
616 3135 792 3224 crebris.
846 3141 1052 3226 Rectrices
1078 3139 1275 3257 utrinque
1305 3155 1345 3230 3.
1374 3139 1560 3226 extimae
1578 3141 1708 3259 'apice
1735 3173 1822 3230 non
1840 3143 1975 3231 albae.
2032 3143 2143 3232 Cae·

435 3317 559 3378 erum
616 3289 811 3378 omnibus
838 3291 1028 3409 partibus
1056 3291 1262 3380 Sibiricae
1289 3293 1360 3380 avi
1387 3293 1668 3408 simillimae).

576 3452 621 3544 β.
650 3449 691 3530 V
695 3454 967 3532 arietotem
992 3447 1232 3562 Lagopodis
1258 3479 1429 3566 parvam
1459 3469 1505 3534 et
1531 3446 1675 3536 colore
1701 3447 2039 3551 satisdiversarn,
2085 3445 2137 3538 in

437 3593 561 3684 terris
613 3597 780 3686 arcticis
820 3602 873 3688 ad
915 3607 1152 3716 llovymam
1192 3603 1233 3688 ll.
1275 3623 1320 3686 et
1358 3599 1406 3687 in
1435 3600 1622 3688 maxime
1651 3603 1926 3690 orientalibus
1953 3603 2137 3718 Sibiriae

439 3748 677 3866 uulgarem,
719 3785 796 3872 par
821 3756 878 3842 D.
909 3758 966 3840 D.
994 3757 1154 3857 Mart,
1197 3757 1579 3869 Billingsianoe
1614 3755 1903 3875 expeditionis
1929 3757 2135 3865 sodalem,

435 3903 608 4021 accepi,
638 3937 747 4022 quae
776 3907 983 4026 peculiari
1012 3907 1298 4024 descriptione
1326 3909 1454 4022 digna
1482 3933 1569 4019 est:
1617 3910 1778 3996 Dillert
1805 3909 1990 3998 maxime
2017 3910 2136 4000 dorsi

433 4077 479 4142 et
506 4055 610 4144 colli
643 4062 786 4158 colore
820 4061 959 4178 magis
987 4091 1137 4178 gryseo
1151 4111 1166 4125 ·
1179 4064 1450 4167 flavescente,
1481 4061 1650 4148 undulis
1678 4062 1967 4152 subtilioribus
1996 4065 2133 4152 varie·

430 4232 559 4324 gato,
612 4214 666 4300 ad
695 4213 1021 4302 similitudinem
1059 4213 1338 4300 foeminarum
1366 4235 1411 4300 et
1438 4213 1650 4330 juniorum
1688 4216 1858 4330 majoris
1899 4217 2131 4312 varietatis.

431 4363 528 4451 Alis
567 4389 783 4454 caeterum
824 4372 1040 4484 caudaque
1080 4364 1301 4454 simillima
1329 4391 1374 4456 et
1401 4368 1558 4488 hyeme
1599 4369 1758 4490 pariter
1792 4393 1906 4480 tota,
1961 4397 2134 4490 praeter

429 4543 591 4634 penum
618 4520 777 4638 nigras,
806 4521 1002 4610 candida.
1120 4629 1124 4636 ¹

573 4675 718 4788 Cystis
744 4673 872 4761 fellea
900 4675 945 4762 in
975 4681 1200 4794 Lagopode
1230 4674 1458 4794 conspicua
1489 4677 1620 4768 nulla.
1676 4681 1915 4768 intestinum
1932 4697 2002 4789 44.
2030 4681 2129 4800 pol·

428 4819 589 4934 licum
617 4857 741 4918 coeco
767 4842 854 4924 adt.
881 4828 1065 4950 pollices
1094 4855 1294 4952 aequant,
1324 4831 1582 4942 fusiiormia,
1612 4857 1803 4927 extremo
1832 4857 1975 4946 acuta,
2013 4843 2129 4928 striis
