4734 6070
439 509 503 597 9'4
1220 509 1367 567 Ε

431 741 520 800 noe
545 739 631 798 non
659 709 805 808 timet.¹
861 713 912 797 In
938 709 1119 796 Taurica
1148 707 1414 808 Chersoneso
1441 705 1586 796 hortos
1614 708 1805 796 montani
1829 709 2131 831 tractus‘quari

442 886 673 981 spontanea
700 863 824 968 colit,
868 862 1029 950 victum
1057 863 1149 979 ipse
1178 861 1262 949 sibi
1289 861 1473 978 quaerit,
1511 883 1684 976 totaque
1713 859 1870 978 hyeme
1898 863 1945 950 in
1973 867 2132 954 arbori·

442 1017 521 1104 bus
548 1039 768 1134 pernoctat
793 1039 839 1102 et
865 1045 951 1130 quo
979 1014 1174 1136 frigidior
1200 1037 1447 1131 tempestas,
1497 1043 1549 1100 eo
1576 1013 1703 1098 altius
1730 1045 1806 1130 per
1833 1047 1968 1102 ramos
1995 1017 2042 1102 in
2070 1017 2133 1136 ip-

445 1199 532 1256 sam
559 1197 690 1284 usque
717 1197 920 1255 cacumen
949 1167 1191 1270 adscendit;
1212 1172 1364 1281 Neque
1391 1198 1414 1252 a
1443 1169 1541 1282 gelu
1564 1195 1692 1283 saepe
1721 1165 1785 1254 ibi
1814 1175 1868 1255 ad
1902 1184 1960 1258 15.
1990 1191 2038 1256 et
2072 1183 2132 1258 td.

445 1323 596 1436 'gradus
623 1341 747 1407 aucto
774 1319 969 1407 laeditur.
1026 1324 1210 1406 Generat
1236 1351 1323 1406 non
1351 1341 1448 1403 ante
1469 1319 1642 1404 tertium
1666 1319 1813 1405 aetatis
1837 1351 2006 1426 anuum,
2035 1349 2135 1411 curu

443 1503 533 1560 mas
560 1473 795 1588 perfectum
823 1501 1055 1589 pennarum
1084 1473 1445 1589 supracaudalium
1469 1493 1715 1588 apparatum
1739 1471 1977 1586 aequisirit.
2049 1463 2140 1559 lni-'

442 1623 610 1712 micitia
638 1622 903 1740 prosequitur
929 1625 1239 1740 Gailopavones
1267 1649 1311 1712 et
1335 1631 1534 1728 Anseres,
1564 1623 1733 1710 intactis
1775 1625 1995 1718 Numidis,
2032 1627 2133 1712 Gai·

442 1776 620 1864 iiuaceis
653 1799 697 1864 et
732 1781 886 1874 Anate.
957 1777 1113 1862 Nidum
1140 1807 1308 1894 quoque
1337 1778 1523 1864 foemina
1548 1775 1661 1862 inter
1689 1775 1937 1864 densissima
1965 1779 2135 1864 arbusta

444 1927 587 2034 humi,
627 1928 701 2014 rel
727 1926 775 2013 in
803 1929 924 2014 elatis
949 1927 1165 2032 maceriis,
1192 1929 1402 2045 tectisque
1430 1927 1602 2046 proprio
1631 1949 1763 2014 marte
1790 1929 1957 2034 condit,
1990 1952 2034 2014 et
2061 1959 2136 2014 ex·

444 2080 582 2167 clusos
610 2081 749 2198 pullos
775 2081 919 2166 exalto
957 2084 1081 2169 dorso
1121 2081 1373 2182 insidentes,
1402 2081 1633 2172 descendat.
1666 2131 1715 2146 -
1755 2087 1943 2169 Pavones
1973 2080 2057 2168 albi
2085 2079 2135 2166 in

444 2231 595 2318 Roscia
622 2230 753 2320 etiam
779 2263 864 2319 non
890 2231 1111 2334 rarissimis
1140 2256 1391 2349 spontaneos
1421 2232 1467 2318 in
1494 2230 1709 2346 Norvegia
1736 2231 1880 2348 uagari
1905 2255 1951 2318 et
1974 2229 2134 2350 hyeme

446 2381 493 2474 iu
521 2386 791 2474 Germaniam
817 2384 1019 2501 migrare,
1060 2387 1175 2498 quod
1201 2387 1504 2498 BuJJonins,
1547 2381 1803 2510 nescioquo
1832 2407 2021 2486 auctore,
2047 2415 2139 2472 cre-

435 2534 559 2624 didit
582 2541 648 2655 (p.
679 2543 816 2650 aaa),
859 2534 1038 2624 ridicula
1066 2559 1130 2622 est
1157 2537 1317 2642 fabula,
1361 2568 1499 2650 neque
1527 2536 1683 2650 magis,
1713 2564 1842 2652 quana
1870 2535 2136 2655 Aethiopum

447 2689 749 2792 candidorum,
802 2719 925 2777 causa
966 2687 1089 2803 hujus
1128 2690 1343 2776 varietatis
1370 2689 1416 2774 in
1444 2689 1615 2774 climate
1652 2691 1904 2800 quaerenda..
1961 2691 2137 2778 Etenim

447 2837 649 2929 Phasiani
682 2841 815 2930 etiam
844 2839 892 2926 iu
935 2841 1085 2954 Belgis
1123 2841 1229 2926 varii
1256 2867 1301 2928 et
1326 2845 1452 2959 plane
1477 2840 1671 2944 candidi,
1724 2835 1837 2926 inter
1865 2842 2135 2950 domesticos,

447 3016 723 3107 generantur,
774 2990 880 3078 iicet
905 2989 1005 3082 miti
1027 2996 1107 3088 rub
1134 2995 1277 3100 coelo,
1326 2997 1414 3083 imo
1441 2993 1517 3084 ubi
1542 2991 1718 3110 hyemes
1747 2992 1958 3097 mitiores,
2006 3025 2138 3120 quatu

447 3139 496 3232 in
523 3132 661 3272 pat'rie
686 3141 923 3250 colchide,
951 3146 1023 3232 vel
1051 3147 1200 3235 saltem
1229 3148 1429 3238 Caucaso.

971 3349 1604 3386 *ww-——n—-w—-v

919 3375 1148 3580 XXXIV.
1221 3461 1281 3586 N
1317 3462 1361 3566 U
1394 3463 1446 3566 tt
1479 3463 1501 3578 I
1535 3463 1663 3582 DA

1157 3670 1421 3690 Ἣ

829 3797 948 3900 235.
1027 3793 1363 3885 NUMiDA
1433 3793 1752 3911 Meleagria

439 4107 446 4122 ·
588 4069 643 4152 N.
673 4066 813 4184 capite
842 4066 1026 4183 galeato,
1057 4067 1281 4154 caruncula
1310 4067 1364 4152 ad
1391 4064 1545 4153 rictum
1573 4067 1762 4183 gemina,
1794 4070 1892 4184 gula
1921 4069 2049 4160 laevi.

665 4221 854 4308 Numida
883 4219 1122 4335 Meleagris,
1153 4223 1242 4304 Liri.
1272 4239 1377 4332 syst.
1406 4225 1502 4308 XII.
1529 4223 1564 4304 I.
1592 4246 1643 4336 p.
1665 4236 1758 4334 273.
1786 4225 1967 4311 Brisson.
1995 4259 2083 4324 om.
2096 4229 2137 4322 1.

719 4407 761 4490 p.
798 4385 883 4485 176.
910 4403 973 4488 sp.
1007 4407 1040 4458 r.
1069 4374 1155 4459 tub.
1192 4351 1253 4460 id·
1963 4377 1969 4386 ’

666 4523 892 4630 Peiutade,
933 4527 1099 4638 Buffon.
1128 4557 1215 4612 orn.
1243 4527 1299 4610 II.
1327 4557 1370 4628 p.
1406 4539 1493 4614 163.
1523 4525 1608 4613 tab.
1636 4543 1678 4634 4.
1713 4527 1933 4618 D’aubent.
1963 4507 2065 4658 pict.
2093 4563 2139 4624 n.

729 4659 1033 4764 metutam.
1064 4709 1156 4791 syn.
1186 4679 1249 4762 W
1249 4737 1259 4762 .
1290 4711 1331 4796 p.
1362 4691 1455 4770 685.
1482 4713 1523 4767 u.
1559 4715 1592 4776 r,

554 4827 728 4914 iiossice
757 4831 941 4916 essarta
968 4830 1221 4942 (Caesarea).

554 4977 721 5066 Tutoris
747 4979 919 5067 muricis
963 5029 1262 5060 ·····
