4778 6044
993 529 1139 577 ”²²
1846 529 1934 620 347

238 734 277 816 F
280 739 499 816 caminis
527 732 622 844 gula
654 728 765 831 alba,
813 725 1009 814 albedine
1039 759 1178 816 versus
1206 752 1397 847 tempora
1427 731 1602 842 diffusa,
1634 735 1932 841 subuebulosa,

234 907 462 998 contraque
494 885 671 998 nigredo
700 885 886 966 medium
917 885 1019 970 colli
1047 883 1442 1000 semiamplectitur.

373 1041 481 1122 Not.
518 1039 804 1149 Magnitudine
821 1040 1046 1122 admodum
1076 1035 1284 1122 variantes
1301 1037 1391 1124 vidi
1418 1069 1442 1123 e
1473 1039 1578 1125 mari
1606 1041 1932 1156 septentrionali

236 1215 332 1276 aves
362 1189 579 1274 Boschade
609 1196 806 1302 majores,
853 1191 1038 1306 aliasque
1067 1188 1264 1277 minores.
1331 1191 1671 1281 Camtschaticae
1702 1191 1927 1312 Cepphum

234 1341 607 1458 septentrionalem
637 1347 915 1460 subsequant5
942 1343 1079 1457 iisque
1107 1343 1287 1458 remiges
1314 1345 1588 1431 secundariae
1614 1369 1777 1434 tantum
1807 1347 1929 1462 apice

235 1495 375 1598 albae,
420 1493 618 1580 rectrices
653 1531 712 1581 12.
743 1499 954 1612 pedesque
984 1499 1255 1585 flavescentes
1284 1497 1330 1582 in
1359 1497 1499 1584 siccis.
1571 1502 1813 1618 Lougitudo
1842 1522 1932 1586 tota

234 1675 331 1734 cum
361 1651 494 1734 cauda
529 1658 666 1753 124¹&
698 1683 736 1734 0.
767 1673 1032 1736 extensarum
1062 1651 1220 1734 alarum
1252 1653 1299 1735 a‘.
1331 1655 1391 1738 δ”.
1423 1687 1461 1738 ο.

670 1821 788 1932 403.
864 1807 1255 1904 CEPPHUS
1327 1815 1486 1906 Atro.

372 1955 423 2043 C.
451 1952 725 2069 tridatrylus,
768 1985 942 2074 corpore
971 1957 1113 2072 nigro,
1149 1961 1292 2044 subtus
1325 1959 1444 2064 albo,
1473 1957 1703 2075 remigibus
1730 1963 1930 2048 secunda·
1974 2049 1979 2056 ,

232 2103 306 2192 riis
336 2107 456 2226 apice
486 2130 658 2223 anguste
689 2109 813 2197 albo·
828 2108 1108 2224 marginatis.-

445 2243 521 2350 'An
549 2259 763 2377 Ringuial
789 2264 1139 2350 Bronten-um.
1168 2265 1257 2356 bor.¹
1285 2266 1359 2351 No.
1395 2299 1485 2354 rra.
1522 2301 1611 2354 ιιι.
1639 2267 1829 2356 Lotham.
1859 2300 1927 2355 aa.

513 2419 584 2501 VI.
614 2450 656 2531 p.
686 2430 779 2502 331.
807 2449 848 2499 rt.
881 2451 919 2502 a.

342 2576 394 2656 In
437 2563 734 2658 Camtschatca
776 2567 1013 2676 communi,
1055 2599 1153 2656 cum
1173 2559 1495 2689 praecedente,
1537 2569 1711 2660 nomine
1754 2569 1947 2664 vocatur

398 2727 523 2810 Arra.

371 2883 584 2993 Frequens
611 2875 659 2962 in
687 2879 860 2966 Oceano
893 2875 1093 2964 orientali
1119 2878 1233 2963 circa
1262 2873 1604 2966 Camtschatcanr
1628 2902 1679 2966 et
1705 2912 1734 2986 a¹
1755 2911 1925 2997 praece·

235 3029 357 3118 denti
393 3029 698 3136 diversissima,
755 3031 860 3118 licet
899 3061 924 3117 a
966 3030 1138 3116 nemine
1178 3029 1395 3147 hucusque
1439 3030 1654 3122 distincta.
1733 3037 1925 3124 Moribus

237 3183 370 3272 etiam
398 3185 614 3272 convenit.

373 3339 518 3425 Descr.
548 3341 798 3454 Magnitudo
826 3361 870 3426 et
897 3337 1061 3425 babitus
1087 3335 1268 3424 omnino
1295 3337 1345 3427 C.
1374 3335 1597 3444 Lomriae‚
1640 3341 1715 3426 sed
1743 3361 1924 3430 rostrum

230 3490 367 3578 multo
397 3489 534 3576 minus
562 3516 606 3578 et
635 3493 986 3590 diversissimum,
1034 3489 1225 3597 brevius,
1285 3489 1583 3608 compressius,
1640 3492 1778 3579 minus
1805 3495 1927 3580 robus

234 3665 366 3749 atum,
394 3643 582 3760 superius
612 3645 743 3761 magis
771 3646 1073 3750 curvilineum,
1110 3646 1228 3730 sulco
1259 3645 1455 3758 utrinque
1484 3647 1538 3730 ud
1565 3647 1735 3732 dorsum
1762 3647 1925 3733 obsole-

233 3795 399 3882 sissimo
428 3827 566 3884 versus
595 3820 739 3916 caput,
794 3797 936 3920 carina
965 3797 1011 3883 iu
1040 3797 1184 3882 medio
1214 3818 1357 3909 argute
1387 3799 1605 3911 angulata,
1664 3798 1755 3882 basi
1783 3797 1922 3884 minus

233 3949 493 4038 denudatum
522 3961 592 4067 (·).
663 3951 835 4036 Plumae
866 3951 1018 4067 capitis
1045 3973 1089 4036 et
1117 3947 1221 4035 colli
1248 3978 1333 4034 nou
1362 3977 1494 4064 aeque
1523 3945 1835 4051 holosericeae,
1878 3973 1927 4036 ut

235 4101 282 4188 iu
309 4101 500 4190 Lomvia.
557 4087 664 4190 A'vis
691 4103 833 4191 subtus
860 4127 950 4190 tota
979 4105 1098 4205 alba,
1133 4133 1255 4219 supra
1282 4099 1426 4216 nigra3
1467 4123 1610 4190 satum
1637 4133 1747 4220 pone
1776 4103 1922 4188 oculos

236 4255 448 4355 concolor,
475 4256 679 4345 obsoleta.
736 4257 928 4374 Nigredo
956 4255 1091 4344 medii
1118 4255 1221 4344 colli
1250 4254 1482 4343 lateraliter
1510 4255 1676 4364 diffusa,
1707 4278 1752 4342 et
1778 4259 1923 4343 subtus

235 4491 549 4516 m

287 4651 344 4746 (s)
371 4655 506 4724 Contra
532 4655 570 4722 ln
595 4647 736 4726 masta
770 4653 1039 4727 Cemtscbatice
1069 4651 1223 4761 angulus
1262 4655 1372 4722 rostri
1402 4652 1569 4724 frontalis
1596 4653 1764 4724 obsoleto
1789 4653 1925 4722 canali·

365 4773 509 4844 calatus
542 4783 581 4845 et
610 4781 734 4846 carina
766 4775 870 4847 sulco
901 4785 1072 4866 exarata,
1121 4775 1292 4846 laterales
1324 4795 1413 4844 vero
1447 4781 1557 4844 rostri
1593 4777 1773 4867 margines
1812 4774 1922 4866 longe

363 4900 457 4966 citra
484 4918 611 4992 nares,
655 4898 703 4968 ad
736 4899 900 4968 brenam
930 4903 1004 4970 oris
1029 4917 1144 4991 usque
1171 4899 1282 4984 nudi3
1334 4897 1434 4988 quod
1460 4917 1533 4966 noa
1558 4901 1595 4966 in
1620 4893 1725 4968 Arra.
1791 4897 1968 4988 eugub,

365 5016 525 5110 plumati
548 5019 646 5093 ultra
673 5041 778 5094 aues
803 5029 1080 5118 procurrentes,
1106 5027 1229 5096 carina
1254 5019 1476 5108 curvssiueu,
1501 5041 1570 5094 nee
1596 5017 1774 5116 angulus

1462 5163 1484 5210 0
