4696 6054
526 481 617 572 206
1286 495 1435 552 Ε

664 705 837 792 Detur.
889 681 1140 818 Magnitudo
1166 721 1289 820 supra
1314 699 1630 818 praecedentes.
1687 699 1880 786 Rostrum
1907 692 2086 812 digitulo,
2110 703 2183 820 psl·

523 856 687 963 lidum,
721 853 843 973 apice
871 857 926 944 ad
958 854 1020 943 r'''.
1048 853 1194 971 nigro,
1223 851 1436 970 superiore
1463 851 1593 969 paulo
1622 849 1827 970 longiore.
1914 853 2049 970 Capsu
2083 885 2184 972 supra

521 1009 717 1128 nigrum,
748 1011 801 1095 ad
829 1038 948 1096 aures
975 1006 1172 1125 utrinque
1201 1006 1366 1094 macula
1394 1007 1480 1092 lata
1506 1004 1702 1094 candide.
1771 1009 1936 1094 Collum
1973 1028 2102 1094 totum
2131 1037 2185 1094 ru·

523 1163 642 1264 firm,
670 1168 810 1248 ceruix
837 1161 1097 1249 lirsceacente
1125 1159 1330 1248 admixto.
1394 1159 1577 1246 Dorsum
1617 1180 1662 1246 et
1688 1167 1781 1248 eloe
1814 1169 1977 1275 spurina
2004 1157 2187 1273 nigrican-

510 1311 611 1420 2tia,
640 1313 840 1430 spediceo
866 1313 993 1401 varia.
1048 1315 1202 1403 Subtus
1228 1335 1318 1400 tote
1344 1309 1432 1398 svis
1458 1309 1625 1398 intense
1652 1315 1768 1420 rufa,
1808 1311 1939 1400 etiam
1978 1312 2101 1398 latera
2125 1311 2187 1398 snb

521 1464 616 1554 alis.
684 1467 792 1554 Aloe
833 1469 968 1557 cauda
1008 1466 1246 1584 longioresr
1280 1469 1475 1580 demiges
1516 1462 1747 1553 rhachibur
1777 1465 1912 1568 albis,
1951 1462 2188 1582 interiusque

511 1641 665 1708 ‘verm
691 1617 841 1728 basin,
869 1619 1027 1708 sensim
1053 1619 1285 1738 latescente
1313 1616 1538 1728 albedine,
1575 1642 1624 1708 ut
1654 1649 1773 1732 17me
1797 1641 1890 1708 tota
1914 1619 2084 1708 tandem
2110 1617 2191 1702 alba

517 1769 604 1877 tit,
634 1783 819 1862 rectrices
847 1772 968 1892 apice
998 1773 1143 1880 albae,
1174 1773 1346 1887 strigam
1364 1773 1450 1891 'per
1477 1773 1562 1894 slus
1588 1772 1791 1862 efficiunt.
1855 1772 2008 1860 Subtus
2035 1769 2120 1856 alae
2144 1765 2193 1854 ci·

522 1953 705 2032 uereae,
735 1925 945 2012 anteriore
972 1924 1161 2040 margine
1188 1925 1305 2013 fusco
1333 1929 1515 2046 alboque
1549 1929 1704 2016 satine.
1773 1927 1923 2016 Cuudu
1962 1925 2193 2028 rotundatu,

524 2075 654 2164 furcu
709 2079 840 2167 Pedes
864 2077 1034 2164 sordide
1059 2077 1296 2166 luteecunte
1335 2081 1459 2196 digiti
1486 2081 1646 2188 lobati,
1687 2103 1735 2168 ut
1761 2077 2109 2201 praecedentibus
2132 2075 2194 2163 sed

518 2228 657 2346 'magis
684 2228 882 2318 connexi.
949 2236 1147 2318 Mensura
1175 2265 1200 2318 a
1226 2263 1391 2322 summo
1426 2263 1561 2324 rostro
1605 2238 1660 2324 ad
1697 2257 1933 2324 extremum
1969 2233 2124 2320 caudae
2149 2231 2194 2340 9'.

521 2381 586 2468 θ’.
612 2381 740 2469 ulnae
767 2383 926 2469 alarum
954 2385 1011 2476 5‘.
1039 2383 1102 2493 4¹2

656 2543 701 2634 β.
730 2539 848 2624 Inter
874 2536 1108 2655 specimina
1137 2571 1161 2625 n
1187 2543 1243 2626 D.
1274 2547 1330 2630 M
1331 2543 1419 2630 ert
1460 2539 1585 2628 missa
1614 2541 1829 2660 duplicem
1858 2535 2007 2656 accepi
2037 2533 2198 2628 varios·

518 2705 635 2791 tem,
664 2691 841 2778 alterurn
866 2691 1011 2777 subtus
1037 2693 1345 2801 mlestentem,
1389 2693 1487 2782 albo
1515 2697 1789 2812 (praesertim
1816 2690 1862 2780 in
1889 2713 1984 2778 toto
2014 2693 2195 2810 pectore)

520 2835 724 2923 doliorum
736 2875 748 2942 ς
778 2849 953 2930 sueram
978 2843 1124 2929 subtus
1151 2847 1239 2934 lere
1271 2847 1436 2954 albam,
1464 2849 1557 2936 ruso
1583 2870 1818 2938 nannetense
1857 2843 2048 2933 variam:
2092 2840 2198 2930 dille·

514 2985 656 3077 tentia
683 2990 793 3080 forte
819 3020 945 3109 sexus
972 2992 1042 3085 rel
1069 2996 1233 3085 acutia

759 3593 840 3704 LI.
905 3598 1962 3720 PHOENICOPTERUS.

653 4052 742 4142 vix
769 4055 856 4144 nlla
886 4054 975 4146 svis
1002 4081 1184 4164 stature,
1210 4063 1512 4183 proportione,
1553 4065 1793 4162 inversione
1821 4091 1866 4160 et
1893 4071 2028 4188 figura
2056 4069 2200 4173 rostri,

514 4205 657 4292 colore
686 4227 732 4291 et
760 4207 957 4326 ambigua
984 4209 1098 4300 inter
1125 4195 1228 4303 duos
1256 4216 1426 4304 ordines
1454 4222 1664 4308 naturales
1690 4247 1839 4311 natura
1864 4223 2004 4343 magis
2033 4221 2202 4322 eminet,
2297 4267 2298 4290 ι

514 4387 641 4474 quarn
672 4355 1065 4480 Phoenicopterus,
1092 4375 1209 4482 cujus
1236 4371 1345 4456 forte
1372 4371 1497 4460 unica
1524 4373 1570 4460 in
1598 4375 1716 4464 omni
1747 4399 1951 4466 terrarum
1993 4381 2105 4466 orbe
2140 4405 2204 4460 er·

514 4504 626 4594 sistit
654 4511 831 4627 species.
886 4519 1027 4630 Quum
1056 4519 1291 4608 calidorum
1319 4522 1540 4640 regionum
1569 4527 1625 4613 eit
1663 4531 1913 4647 progenies,
1954 4531 2039 4618 vix
2078 4553 2203 4644 usque
2297 4475 2298 4556 l

499 4659 569 4744 ·ad
595 4663 771 4778 Imperii
798 4666 965 4754 Rossici
997 4672 1178 4760 confinia
1205 4675 1460 4792 perveniunt
1492 4677 1574 4770 hae
1599 4711 1726 4792 aves,
1767 4707 1814 4774 et
1835 4682 1959 4776 nobie
1999 4685 2092 4772 lere
2122 4703 2202 4768 tan
2297 4715 2298 4746 t

456 4927 461 4934 Ι
509 4833 600 4902 tom
629 4844 655 4902 e
683 4815 840 4934 Caspio
868 4817 975 4909 mari
1003 4821 1192 4914 veniunt.

1045 5017 1674 5048 m*
