4696 6054
659 675 774 758 Anas
800 667 1036 786 glocitans,
1078 667 1185 756 Poll.
1229 688 1310 754 oct.
1355 667 1563 752 holmiens.
1604 663 1693 747 XL.
1736 691 1835 778 pag.
1872 672 1940 751 33.
1970 669 2053 754 tab.
2091 701 2128 758 t·

716 828 906 910 Latham.
937 857 1004 909 av.
1035 824 1106 908 Vl.
1133 856 1175 938 p.
1205 833 1298 908 521.
1327 849 1367 904 n.
1399 831 1466 904 66.
1494 815 1667 900 excluso
1696 845 1944 931 synonyme.

545 975 720 1066 Rossice
747 975 793 1061 in
823 975 1022 1062 orientali
1050 972 1206 1059 Sibiria
1236 1005 1260 1056 a
1287 971 1545 1086 glocitante‚
1588 966 1717 1054 etiam
1758 967 1871 1054 inter
1899 971 2130 1060 volandum

603 1159 709 1214 voce
739 1131 991 1239 (Molrmolt)
1020 1129 1189 1211 Molrlolr
1216 1126 1287 1209 vel
1313 1125 1606 1221 Mokloschlra3
1636 1119 1730 1206 aliis
1757 1125 1993 1245 Klobtunja.

552 1279 709 1367 Jacutis
737 1285 888 1394 Mogds
916 1281 986 1366 vel
1014 1284 1216 1392 Mongos,
1248 1285 1297 1388 (a
1325 1305 1431 1361 voce
1457 1275 1668 1358 Moli-molt
1696 1273 1911 1388 volantis).

576 1431 900 1519 Pulchritudine
913 1493 927 1533 ,
969 1463 1067 1518 cum
1097 1433 1398 1531 antecedente,
1441 1424 1549 1510 nulli
1592 1425 1785 1509 exoticae
1830 1426 1900 1511 avi
1941 1428 2129 1540 inferior,

442 1584 755 1702 elegantissima
784 1585 829 1670 in
859 1615 933 1670 suo
961 1613 1128 1698 genere.
1187 1590 1300 1667 Vere
1328 1610 1383 1664 ex
1413 1599 1551 1663 austro
1578 1575 1625 1662 in
1649 1575 1902 1664 orientalem
1931 1582 2132 1672 Sibiriam
2162 1611 2170 1626 ’

442 1741 666 1842 advolant,
694 1736 741 1822 in
768 1736 943 1852 regione
970 1735 1343 1838 transba'icalensi,
1385 1754 1430 1816 et
1474 1735 1527 1814 ad
1551 1761 1725 1815 omnem
1753 1737 1910 1818 lenam
1939 1737 2133 1852 frequen·

440 1891 642 1976 tissimae.
696 1895 829 1974 Lacus
859 1911 902 1973 et
929 1889 1101 1973 flumina
1128 1916 1221 1972 raro
1249 1887 1395 1972 littora
1423 1883 1549 1968 maris
1578 1884 1871 1998 frequentant,
1912 1889 1955 1972 et
1997 1911 2127 1976 trans·

442 2044 633 2128 volantes
661 2041 935 2154 glocitantem
968 2071 1117 2126 vocem
1145 2041 1290 2124 edunt.
1357 2036 1482 2122 lunio
1510 2035 1713 2120 incubant
1739 2035 1784 2122 in
1812 2041 1980 2124 foveola
2008 2039 2130 2129 humi

442 2196 599 2314 plumis
628 2215 754 2278 strata
784 2195 1045 2308 deponentes
1073 2224 1153 2278 ουα
1192 2194 1448 2295 addacem,
1488 2187 1656 2274 sordide
1699 2189 1816 2294 alba,
1860 2196 2047 2308 pondere
2077 2199 2132 2282 ad

443 2347 613 2434 unciam
641 2377 737 2431 cum
766 2344 929 2459 aliquot
956 2343 1182 2430 drachmis.
1255 2341 1499 2459 Septembri
1539 2348 1624 2454 jam
1665 2341 1927 2456 demigrant,
1968 2347 2130 2462 primae

443 2499 557 2586 inter
587 2505 701 2583 Aves
731 2496 958 2611 aquaticas.
991 2501 1100 2584 Coro
1130 2496 1274 2614 sapida
1304 2495 1561 2593 admodum,
1590 2497 1702 2580 unde
1732 2526 1755 2578 a
1780 2496 1937 2582 lacutis
1964 2499 2136 2614 capiun-

443 2677 512 2739 tur
537 2649 727 2768 laqueis,
767 2649 894 2735 simul
922 2680 945 2734 e
973 2651 1159 2768 pellibus
1186 2647 1320 2765 capiti
1347 2645 1546 2733 detractis
1575 2648 1787 2764 elegantes
1821 2649 2008 2736 lacernas
2038 2683 2136 2740 con·

443 2795 592 2892 suunt'

583 2963 757 3045 Descr.
816 2958 1115 3073 Querquedula
1143 2957 1271 3075 paulo
1307 2962 1467 3070 major,
1517 2951 1671 3040 habitu
1711 2952 1876 3040 similis.
1944 2961 2139 3046 naseam

440 3103 627 3228 nigrum.
682 3113 813 3197 Irides
840 3113 996 3198 fuscae.
1051 3113 1165 3246 Area
1192 3137 1370 3223 magna,
1396 3109 1560 3225 pallida
1589 3111 1641 3192 ad
1670 3131 1870 3213 rostrum,
1899 3113 2011 3196 unde
2039 3143 2138 3200 con·

445 3265 635 3350 tinuatur
662 3265 789 3380 striga
818 3263 1100 3381 superciliaris
1129 3264 1283 3367 nivea,
1340 3271 1531 3347 verticem
1558 3261 1724 3376 nigrum
1752 3261 1988 3350 includens.
2057 3267 2140 3352 Fa-

449 3427 537 3501 scia
564 3415 761 3529 utrinque
790 3439 982 3520 arcuata,
1007 3383 1127 3503 albo
1168 3415 1402 3529 marginata
1445 3418 1497 3500 ab
1539 3415 1663 3500 oculo
1703 3415 1755 3498 ad
1777 3424 1925 3528 gulam
1955 3417 2136 3532 nigram,

448 3566 520 3652 cui
550 3567 767 3652 adcumbit
795 3601 892 3654 area
919 3570 1072 3654 falcata
1099 3568 1260 3685 pallida
1289 3591 1335 3653 et
1361 3566 1463 3656 huic
1502 3573 1590 3652 alia
1629 3566 1985 3674 viridi-sericea,
2024 3595 2142 3657 ante·

448 3718 534 3806 rius
560 3717 703 3834 nigre,
733 3719 898 3836 poetice
928 3722 1025 3805 albo
1053 3722 1298 3834 marginata.
1355 3724 1506 3806 cerata
1534 3717 1788 3804 intermedia
1819 3719 2140 3834 longitudinali·

422 3958 427 3972 ,
449 3897 514 3960 ter
541 3870 745 3958 violacea.
801 3875 983 3959 Dorsum
1008 3875 1237 3960 tenerrime
1267 3903 1373 3960 cano
1400 3876 1600 3986 fuscoque
1628 3873 1890 3956 undulatam.
1939 3875 2138 3988 Jugulum

448 4025 609 4143 pallide
635 4046 891 4131 testaceum,
922 4026 1044 4140 nigro
1072 4049 1292 4142 guttatum.
1347 4027 1530 4110 Crissum
1558 4047 1705 4128 atrum,
1734 4024 1931 4140 utrinque
1959 4026 2139 4143 ferrugi-

448 4207 531 4264 neo
559 4179 863 4294 marginatum,
892 4181 1020 4264 ductu
1045 4185 1281 4266 transverso
1310 4177 1407 4262 albo
1437 4179 1490 4261 ad
1518 4209 1676 4264 anum..
1723 4181 1809 4265 Ata
1835 4189 1976 4294 spuria
2004 4183 2137 4266 ferru-

452 4332 603 4447 girre0,
648 4333 745 4416 albo
786 4331 993 4448 nigroque
1034 4331 1207 4445 virgata.
1293 4333 1511 4447 Speculum
1552 4331 1664 4415 alate
1704 4331 1876 4446 oblique
1913 4333 2052 4419 viride
2090 4357 2140 4420 et

452 4507 584 4569 atrurn
599 4545 612 4584 ,
642 4483 782 4568 antice
811 4507 1024 4584 testace0,
1052 4484 1215 4600 postice
1245 4457 1349 4570 albo‘
1371 4481 1664 4597 marginatum.
1706 4485 1833 4571 Pedes
1861 4485 2030 4572 sordide
2058 4487 2137 4570 sul·

451 4657 683 4723 vescentes.
740 4639 905 4723 Pondus
931 4637 1040 4722 ultra
1075 4657 1111 4741 1}
1140 4636 1236 4721 libr.
1266 4639 1378 4722 med.
1448 4639 1665 4721 Mensurae
1706 4637 1830 4724 rostri
1864 4639 1915 4724 r''.
1946 4641 2016 4726 8⁰2
2045 4639 2141 4725 lati·

451 4788 600 4874 tudine
629 4789 843 4905 aequabili
871 4792 941 4900 7'''.
973 4789 1130 4874 alarum
1159 4819 1434 4904 expansarum
1472 4794 1512 4872 ι’.
1541 4789 1620 4872 rr'‘.
1638 4825 1676 4875 o.
1704 4792 1827 4878 ulnae
1856 4795 2031 4878 caudam
2046 4793 2141 4878 sub-

453 4943 670 5056 aequantia
701 4945 760 5028 δ”.
790 4945 860 5030 3’”.
890 4942 1089 5027 tibiarum
1126 4943 1177 5026 1⁰.
1207 4943 1300 5036 dam.
1344 4941 1471 5060 digiti
1511 4942 1644 5028 medii
1684 4947 1799 5054 (cum
1838 4975 1979 5061 ungue
2019 4949 2138 5056 33⁸2)
