4696 6054
507 479 602 588 2'24
1274 478 1441 542 'a

513 705 627 794 circa
656 673 772 787 rna'r'e¹
802 693 989 813 caspium
1017 713 1063 780 et
1088 675 1279 809 nigrum,
1322 687 1453 806 inque
1494 677 1755 776 arundinetis
1784 710 1830 777 et
1854 687 2021 779 lacubus
2045 719 2174 785 austra·

513 855 690 948 lioribus
720 847 876 938 deserti
904 845 1086 934 tatarici.
1142 845 1354 932 Plurimae
1382 870 1484 930 vero
1509 866 1555 929 et
1569 847 1737 962 Europa
1764 867 1810 930 et
1834 842 2028 932 citeriore
2044 847 2177 936 Sibiria

512 1041 654 1099 versus
694 1003 991 1106 occidentem,
1033 1029 1088 1086 ex
1114 995 1316 1085 orientali
1355 995 1510 1084 Sibiria
1551 1019 1694 1083 versus
1733 998 1942 1084 orientem
1981 1001 2178 1088 Americae

512 1157 825 1281 temperatioris
865 1183 1039 1270 magnos
1080 1155 1194 1240 lacus
1234 1173 1278 1240 et
1316 1150 1431 1238 sinus
1458 1172 1681 1267 repetunt;
1736 1151 1850 1238 inter
1876 1153 2032 1236 Insulas
2057 1181 2179 1240 rersut

393 1339 399 1356 ’
510 1316 757 1407 Americam
797 1309 897 1395 sitas
937 1335 1062 1424 saepe
1103 1338 1129 1391 a
1170 1281 1466 1393 Camtschatca
1506 1331 1659 1419 magno
1700 1305 1868 1421 agmine
1909 1304 2121 1420 migrantes
2144 1328 2180 1394 et

511 1467 739 1560 Americae
781 1461 928 1551 littora
968 1461 1158 1574 legentes
1198 1455 1563 1573 anavigatoribus
1609 1455 1738 1545 visae.
1780 1509 1836 1524 -
1875 1459 2096 1544 Domestici
2118 1489 2180 1576 per

510 1649 637 1714 omne
683 1614 913 1734 Imperium
950 1609 1198 1698 Ruthenum
1238 1609 1409 1728 copiose
1452 1630 1498 1693 et
1537 1607 1630 1696 sine
1658 1639 1809 1726 magna
1842 1641 1941 1698 cura
1969 1611 2124 1698 aluntur
2146 1633 2182 1695 et

512 1775 679 1866 variant
704 1771 860 1872 colore⁸
878 1767 1002 1872 albo,
1031 1795 1156 1882 saepe
1183 1762 1313 1882 guttis
1340 1762 1465 1851 luscis
1494 1765 1715 1880 adsperso,
1758 1786 1802 1850 et
1828 1763 1966 1881 topho
1992 1761 2182 1849 interdum

509 1931 733 2050 plumaceo
773 1918 958 2008 nucbee·
1022 1923 1187 2035 Hycme
1230 1939 1372 2004 tamen
1406 1913 1453 2024 in
1496 1915 1757 2016 borealibus,
1798 1919 1854 2004 ob
1883 1919 2064 2034 rigidum
2089 1915 2182 2031 gelu,

511 2085 609 2171 loco
634 2076 783 2195 tepido
811 2072 947 2162 foveri
981 2075 1154 2158 debent.
1222 2067 1506 2158 Celeberrimi
1533 2071 1716 2154 Anseres
1744 2091 1788 2154 et
1815 2069 1995 2156 maximi
2021 2067 2183 2185 aregio

511 2265 567 2324 ne
595 2229 709 2318 urbis
736 2227 950 2330 Arsam'as,
981 2223 1055 2311 ubi
1082 2224 1196 2310 mole
1225 2219 1504 2326 nobilissimi,
1534 2220 1784 2337 praesertim
1813 2252 1839 2308 e
1866 2221 1999 2340 stirpe
2026 2223 2184 2336 hybrida

497 2389 586 2501 ’(Α.
626 2353 850 2500 cpgnoidis
891 2409 988 2464 cum
1028 2377 1193 2490 vulgari
1232 2373 1465 2492 capitolina
1505 2383 1603 2488 ave)
1632 2363 1823 2462 aluntur.
1894 2385 1991 2462 Hae
2027 2404 2184 2476 incessu,

511 2535 808 2660 pugnacitate,
859 2561 962 2617 sono
991 2529 1108 2616 vocis
1136 2550 1180 2614 et
1213 2527 1504 2644 magnitudine
1534 2525 1750 2644 Cygnoidi
1780 2529 2040 2616 domesticae
2065 2525 2186 2646 proxi·

509 2687 594 2792 mi,
624 2687 699 2773 sed
728 2681 1022 2771 articulatione
1050 2681 1167 2768 vocis
1193 2679 1454 2798 interrupta,
1483 2700 1616 2767 rostro
1645 2681 1737 2770 basi
1765 2711 1923 2786 crasso,
1953 2713 2038 2769 nec
2063 2703 2188 2766 tamen

511 2841 662 2958 gibbo,
691 2840 837 2925 colore
863 2835 1112 2954 plemmpue
1141 2834 1245 2946 (nisi
1271 2833 1317 2920 in
1345 2831 1595 2948 junioribus)
1625 2835 1721 2921 albo
1752 2837 1806 2920 ad
1834 2833 2089 2922 domesticos
2113 2831 2187 2918 rul-

512 3021 632 3110 gares
660 2992 879 3078 accedunt.
933 2987 1059 3075 Tales
1116 2987 1278 3088 Tulae,
1320 2989 1520 3074 Moscuae
1550 3009 1594 3072 et
1620 2985 1836 3104 Petropoli
1864 2991 1917 3076 ad
1946 2983 2188 3074 edendasin

511 3144 802 3264 spectaculum
829 3171 990 3260 pugnas
1017 3141 1243 3260 praecipue
1271 3143 1528 3226 deferuntur.
1587 3140 1830 3256 seliguntur
1856 3141 1910 3226 ad
1937 3139 2027 3228 hoc
2050 3140 2188 3226 animo

510 3297 666 3386 sissimi
692 3327 826 3382 mares
856 3319 901 3382 et
927 3292 1207 3382 robustissimi
1236 3317 1281 3380 et
1309 3293 1565 3380 associantur
1603 3291 1762 3408 singuli
1796 3293 1998 3382 foeminis
2034 3295 2189 3390 duabus,

511 3449 724 3570 quaesibi
758 3473 914 3536 amatas
949 3447 1034 3565 ipsi
1070 3449 1325 3562 selegerunt.
1393 3446 1580 3535 Curiosis
1618 3445 1770 3532 horum
1800 3447 2078 3533 certaminum
2105 3471 2187 3532 caro

510 3607 635 3692 valde
662 3603 800 3721 pretio
828 3603 936 3688 tales
965 3624 1161 3686 emuntur
1186 3621 1232 3686 et
1257 3599 1508 3686 venduntur.
1585 3607 1747 3714 Pugnas
1774 3597 1953 3686 marium
1980 3601 2189 3690 instituunt

497 3755 702 3845 'admissis
732 3759 784 3842 ab
814 3778 988 3869 utraque
1013 3777 1134 3870 parte
1163 3754 1380 3859 foeminis,
1411 3783 1519 3871 quae
1547 3783 1684 3840 mares
1713 3752 1918 3839 excident
1944 3752 1993 3840 in
2021 3781 2189 3872 pugnam

511 3909 686 4026 gannitu
713 3931 759 3994 et
785 3905 1053 4011 adulatione,
1092 3908 1181 3994 imo
1209 3908 1380 3994 incensa
1407 3937 1547 4026 pugna
1574 3937 1686 4026 pone
1713 3937 1871 3992 marem
1900 3909 2090 4012 adstant,
2116 3903 2189 3992 col·

510 4065 636 4181 loque
676 4061 801 4148 dorso
841 4067 930 4174 ejus
971 4059 1176 4178 imposito
1219 4089 1326 4147 voce
1379 4085 1642 4178 pugnantem
1692 4059 1910 4176 instigant.
1993 4066 2187 4146 Ansemm

510 4217 693 4300 feroruln
721 4215 831 4332 pulli
859 4213 985 4300 facile
1015 4214 1277 4320 cicurantur,
1329 4214 1568 4332 passimque
1596 4215 1709 4300 inter
1736 4213 1993 4302 domesticos
2021 4215 2187 4300 aluntur.

510 4367 746 4485 Capiuntur
786 4365 867 4453 feri
902 4369 949 4452 in
983 4367 1164 4456 Sibiriae
1202 4367 1367 4485 aquosis
1404 4388 1629 4473 autumno,
1687 4366 1847 4456 retibus
1887 4367 2052 4485 magnis
2089 4365 2187 4452 inter

489 4521 625 4608 'lacus
653 4543 696 4606 et
721 4551 876 4638 pascua
905 4523 958 4608 ab
986 4523 1202 4607 arboribus
1229 4520 1460 4638 suspensis,
1504 4521 1610 4608 locis
1637 4521 1885 4639 praesertim
1912 4521 1988 4610 ubi
2014 4543 2186 4608 transto-

510 4675 598 4760 lare
632 4696 890 4760 consuerunt
918 4673 1035 4788 (vid.
1063 4679 1238 4762 itinerar
1263 4675 1396 4761 nostri
1422 4683 1506 4764 vot.
1535 4681 1590 4760 11.
1620 4709 1662 4792 p.
1690 4727 1706 4744 ·
1734 4683 1794 4790 -).
1857 4677 2025 4762 Pondus
2051 4697 2185 4760 eorum

510 4829 638 4942 vulgo
673 4830 726 4915 ab
762 4841 802 4916 8.
841 4829 893 4912 ad
929 4863 974 4914 ro
1013 4826 1142 4915 libras
1172 4831 1284 4916 med.
1314 4857 1491 4945 aequare
1517 4829 1639 4914 solet.
1708 4835 1758 4914 In
1786 4829 1991 4946 depressis
2019 4827 2184 4912 inunda-

508 4979 618 5068 tioni
646 4979 844 5066 obnoxiis
872 4981 984 5070 circa
1019 4981 1266 5070 inferiorem
1291 4983 1473 5098 Volgum
1506 4987 1688 5070 Anseres
1715 5013 1799 5069 non
1835 4978 1982 5086 humi,
2034 5003 2081 5066 ut
2107 4977 2184 5094 ple
