4696 6054
989 493 1135 551 ==
1793 505 1902 592 aas
2009 437 2012 444 ⁴

214 703 262 796 in
290 703 474 796 maribus
502 702 742 808 eminente,
760 704 1037 814 foeminarum
1064 702 1207 790 colore
1235 699 1418 816 ignobili
1458 709 1533 816 (ut
1559 707 1703 804 tutius,
1717 708 1764 795 in
1792 709 1902 826 apri·

214 891 266 949 co
295 861 526 973 incubent)
554 858 645 944 solo
673 853 845 974 speculo
874 855 978 942 alati
1003 877 1048 940 at
1073 877 1208 942 rostro
1234 854 1418 972 maribus
1445 857 1605 959 simili,
1643 863 1903 977 tandemque

214 1011 478 1100 anatomice:
507 1009 685 1096 laxitate
713 1029 757 1093 et
782 1005 991 1093 brevitate
1019 1027 1176 1094 tructus
1202 1016 1469 1116 intestinulis,
1511 1041 1630 1098 osseo
1671 1011 1718 1098 in
1746 1045 1905 1100 mascu-

212 1165 268 1254 lis
295 1193 460 1252 secessu
489 1191 561 1247 seu
589 1163 828 1276 labyrintho
855 1157 1056 1245 tracheae
1087 1183 1131 1245 et
1154 1167 1330 1274 genitali
1352 1161 1553 1277 singulari
1568 1163 1904 1251 conformatione

211 1317 259 1404 in
286 1314 523 1402 trochleam
551 1335 772 1418 contorto,
801 1311 959 1428 insigni
987 1341 1030 1396 se
1058 1312 1332 1426 distinguunt.
1380 1313 1564 1428 Aliquae
1593 1317 1779 1402 marinae
1808 1341 1904 1405 sunt

212 1465 613 1568 constante13aliae
643 1495 769 1581 aquas
798 1467 943 1550 dulces
984 1487 1028 1548 et
1063 1465 1391 1551 mediterraneos
1429 1466 1543 1552 lacus
1579 1474 1819 1585 praeferunt
1860 1496 1906 1558 et

213 1621 372 1739 hyeme
398 1643 590 1725 tantum,
619 1616 870 1704 necessitate
900 1638 1072 1704 coactae
1101 1616 1234 1703 maria
1261 1619 1553 1733 frequentant;
1582 1621 1689 1708 aliae
1718 1623 1903 1742 denique

215 1777 262 1862 in
291 1775 405 1862 sicco
434 1774 614 1860 multum
642 1791 877 1873 versantur,
905 1767 995 1854 imo
1021 1769 1145 1854 nidos
1172 1768 1219 1855 in
1247 1771 1438 1855 cavernis
1466 1776 1654 1859 condunt
1678 1806 1807 1891 quare
1833 1807 1906 1862 ea·

213 1961 306 2017 rum
334 1925 544 2014 foeminae
577 1921 790 2012 coloribus
818 1951 950 2038 aeque
978 1922 1229 2039 conspicuae
1270 1944 1366 2007 sunt
1394 1953 1443 2008 ac
1470 1953 1630 2032 mares,
1672 1929 1829 2046 quippe
1857 1931 1905 2018 in

211 2105 305 2170 tuto
332 2081 592 2166 incubantes.
650 2083 741 2162 Hae
771 2076 988 2161 ambulant
1013 2073 1266 2192 pedibusin
1294 2073 1547 2190 aequilibrio
1573 2079 1747 2194 positis,
1791 2110 1903 2196 gres·

214 2265 262 2324 su
290 2230 576 2349 elegantiore,
615 2231 721 2316 istae
751 2225 970 2314 vacillanti
997 2250 1041 2313 et
1069 2229 1261 2343 aliquae,
1304 2227 1543 2342 quibusin
1497 2259 1693 2348 maqua
1736 2232 1903 2319 urinare

211 2417 302 2476 mos
325 2408 414 2490 est,
442 2383 605 2503 postica
635 2379 807 2467 remotis
833 2381 1014 2497 pedibus
1040 2382 1168 2499 plane
1196 2401 1414 2496 nequeunt
1439 2379 1487 2464 in
1515 2381 1628 2469 sicco
1657 2386 1904 2502 procedere.

212 2539 415 2654 Migratio
442 2543 630 2623 Anatum
657 2533 822 2651 legibus
853 2531 991 2618 minus
1019 2531 1218 2618 adstricta
1247 2555 1334 2636 est,
1364 2561 1491 2647 quam
1527 2541 1746 2620 Anserum.
1818 2543 1904 2654 Hy·

211 2696 390 2782 bemant
416 2692 669 2808 pleraeque,
709 2687 786 2772 ubi
825 2713 956 2799 aquae
999 2715 1084 2770 non
1122 2685 1339 2800 gelantur,
1383 2683 1567 2801 ideoque
1606 2687 1903 2775 eborealibus

212 2842 481 2962 regionibus,
510 2871 635 2959 saepe
661 2871 747 2928 non
774 2841 928 2951 longe,
971 2839 1025 2924 ad
1060 2837 1324 2923 australiores
1364 2839 1596 2940 recedunt,
1637 2841 1901 2956 redeuntque

209 2997 350 3120 primo
377 3023 490 3082 vere.
547 2993 739 3080 Marinae
765 3017 909 3080 tamen
937 2990 1066 3077 etiam
1094 3020 1233 3076 versus
1261 2990 1504 3076 Americam
1542 2990 1723 3108 migrare
1757 2991 1901 3080 viden·

209 3175 304 3259 tur,
333 3175 377 3238 et
404 3177 549 3236 omnes
575 3145 762 3234 munitae
789 3169 885 3232 sunt
911 3144 1049 3235 nobili
1078 3167 1123 3230 et
1149 3142 1255 3230 mire
1284 3143 1458 3232 elastica
1484 3146 1560 3230 sub
1588 3143 1745 3294 plumis
1786 3145 1903 3232 lanu·

210 3303 322 3420 gine.
378 3300 610 3390 Urinantur
636 3329 782 3386 omnes
809 3298 917 3404 hae,
949 3322 992 3386 at
1020 3296 1158 3385 minus
1186 3296 1389 3414 reliquae,
1417 3319 1462 3384 et
1486 3299 1613 3415 plane
1640 3327 1726 3386 non
1753 3302 1809 3386 A.
1821 3303 1901 3384 Ta·

212 3459 369 3566 dorna,
398 3453 554 3562 rutila,
585 3455 920 3571 Querquedulae.

675 3714 791 3803 328.
879 3704 1093 3798 ANAS
1163 3703 1439 3798 Cutberti.

353 3920 409 4004 A.
438 3937 571 4002 rostro
596 3913 743 4030 nigro,
772 3913 936 4030 angulis
964 3912 1088 3998 nudis
1116 3908 1364 3998 frontalibus
1390 3911 1623 4027 productis.
1693 3963 1698 3972 ·

434 4074 570 4155 Anser
596 4067 890 4184 lanuginosus‚
918 4067 1099 4153 B'risson.
1130 4095 1214 4150 orn.
1243 4065 1314 4148 Vl.
1345 4095 1386 4177 p.
1416 4081 1511 4171 494.
1542 4062 1628 4149 tab.
1664 4095 1724 4170 ¹9·
1763 4095 1830 4152 ao.

433 4223 651 4309 Eiderduk
677 4245 722 4307 et
748 4219 1032 4326 Eiderdrake,
1085 4219 1205 4304 Zool.
1247 4217 1340 4302 bn‘t.
1383 4248 1482 4334 pag.
1530 4229 1620 4304 152.
1655 4245 1717 4328 sp.
1749 4227 1786 4301 6.
1814 4215 1899 4302 tab.

492 4377 546 4494 Q.
573 4399 664 4493 opt.

437 4533 551 4618 Anas
579 4559 729 4644 magna
755 4523 1044 4645 nigro-alba,
1071 4525 1267 4613 Edward.
1299 4555 1366 4614 au.
1398 4527 1433 4612 l.
1462 4522 1548 4610 tab.
1576 4534 1643 4631 98.
1673 4525 1808 4607 Mas.-

435 4679 853 4789 Anas'mollissima,
882 4685 973 4766 Lin.
1001 4701 1106 4790 syst.
1135 4683 1232 4764 ΧΠ.
1261 4683 1293 4764 l.
1323 4712 1363 4794 ρ.
1399 4689 1487 4785 ι98.
1515 4705 1574 4792 sp.
1611 4685 1672 4762 ιδ.

438 4837 703 4940 Eiderduck,
745 4839 869 4924 Pena.
896 4835 1016 4922 Zool.
1044 4854 1147 4923 oret.
1189 4866 1231 4953 p.
1264 4849 1359 4926 553.
1388 4863 1428 4918 n.
1458 4843 1555 4940 460.
1610 4819 1899 4920 lactatam.

496 4991 569 5076 VI.
596 5021 639 5104 p.
666 5005 762 5106 470.
