4734 6070
512 465 602 576 156
685 563 692 570 ,
1266 475 1414 531 ==

652 696 702 777 In
731 685 943 774 Dauuriae
968 681 1149 804 planitie
1178 682 1346 768 deserto
1371 668 1584 762 Gobeensi
1612 665 1835 775 continua,
1863 663 1975 754 inter
2000 666 2179 756 Onnum

426 926 435 942 ,
508 865 555 931 et
581 848 799 958 Argunum
826 839 1025 944 fluvium,
1072 837 1185 924 circa
1224 835 1339 919 lacus
1367 829 1495 915 salsos
1532 848 1578 910 et
1604 821 1905 940 salsuginosos‚
1947 831 2181 943 praesertim

506 996 555 1084 iu
581 997 693 1082 valle
719 997 913 1108 Chougor
928 1043 941 1058 ·
956 991 1130 1104 cungle,
1172 1019 1197 1073 a
1224 979 1553 1098 diligentissimo
1577 979 1621 1062 N
1628 979 1728 1063 tos
1735 979 1914 1089 obolos
1917 1037 1931 1076 ,
1957 999 2057 1066 tunc
2084 1015 2181 1070 ama·

506 1145 657 1234 nuensi
685 1175 808 1252 meo,
838 1148 1095 1232 observatus.
1162 1113 1309 1230 Cauda
1348 1154 1532 1222 surrecta
1572 1130 1619 1216 in
1658 1129 1762 1248 ripis
1790 1128 2028 1216 diaeununt
2061 1137 2184 1224 exsul·

505 1311 657 1386 tantes'.

645 1455 820 1539 Descr.
848 1434 1042 1538 Rostrum
1069 1443 1408 1532 mandibularum
1436 1435 1693 1554 marginibus
1720 1465 1862 1524 versus
1888 1433 2012 1524 basin
2038 1443 2187 1558 pallida

506 1603 740 1706 viridibus;
781 1611 873 1691 loro
900 1625 1014 1688 tecta
1041 1597 1211 1716 plumis.
1286 1599 1425 1714 Caput
1451 1592 1594 1678 lusco·
1607 1617 1828 1706 gryseum,
1867 1589 1984 1676 linea
2020 1599 2188 1712 supraci.

506 1755 604 1842 lieri
632 1778 676 1841 et
702 1753 813 1841 infra
840 1752 1002 1842 oculari
1029 1753 1212 1838 cinerea.
1278 1752 1459 1834 Dorsum
1486 1745 1751 1858 nigrescens,
1793 1739 1906 1830 striis
1934 1745 2081 1832 lacteis
2109 1749 2189 1838 lon·

506 1905 825 2023 gitudinalibus.
885 1911 994 1993 Aloe
1022 1905 1139 1990 lusco
1152 1953 1166 1968 ·
1180 1903 1448 2024 latescentes.
1506 1899 1659 1984 Venter
1684 1919 1906 1985 testaceus.
1970 1899 2188 2010 Abdomeu,

505 2059 692 2159 femora,
721 2067 974 2176 uropygium
999 2059 1140 2160 fusca,
1170 2057 1268 2142 albo
1281 2107 1296 2120 -
1310 2053 1525 2140 undulata.
1582 2049 1731 2136 Gauda
1758 2047 2033 2158 brevissima,
2070 2079 2192 2162 acuta,

505 2209 624 2294 lusco
639 2261 652 2274 ·
667 2211 888 2297 lutescens.
971 2213 1101 2298 Pedes
1141 2205 1422 2327 pallidissime
1450 2202 1730 2313 virescentes,
1772 2201 1919 2322 digitis
1946 2207 2193 2326 praelongis.

506 2359 745 2448 Subsimilis
773 2368 828 2452 R.
857 2369 1081 2454 Porzanae.
1161 2423 1166 2434 ·

1028 2597 1669 2629 *nr—m·-

984 2805 1159 2914 XLIII.
1220 2797 1718 2912 FULICAE.
1889 2965 1897 2982 .

641 3275 783 3360 Genus
811 3270 1078 3379 Fulicarum,
1107 3273 1355 3391 praesertim
1382 3273 1572 3392 species,
1597 3271 1749 3390 quibus
1776 3271 1909 3389 pedes
1933 3301 2023 3360 non
2049 3271 2189 3380 lobati,
2322 3259 2323 3269 Ν

507 3419 582 3510 vix
607 3423 699 3509 ullo
726 3411 970 3514 charactere
998 3459 1023 3513 a
1049 3427 1186 3514 Rallis
1215 3425 1419 3544 distingui
1445 3450 1600 3545 potest.
1668 3431 1762 3512 Nec
1801 3447 1946 3510 tamen
1974 3425 2190 3544 lobipedes
2320 3539 2321 3545 .

505 3573 851 3694 aPorphyrione
879 3579 1061 3697 separari
1086 3601 1282 3700 possunt,
1314 3607 1442 3696 quem
1470 3577 1664 3666 calvities
1691 3577 1854 3684 frontis,
1882 3601 1927 3666 et
1938 3581 2064 3666 rostri
2092 3609 2190 3668 cras·
2319 3667 2320 3683 p

504 3727 627 3816 sities
656 3759 680 3814 e
709 3729 846 3816 Rallia
873 3729 1059 3820 alienum
1087 3756 1133 3820 et
1160 3734 1329 3820 affinem
1357 3731 1491 3846 magis
1516 3730 1675 3818 Fulicis
1700 3729 1853 3818 reddit.
1939 3729 2072 3818 Nihil
2097 3761 2190 3848 ergo
2318 3787 2319 3823 l

502 3877 550 3966 in
578 3877 647 3966 his
675 3880 868 3968 innovasi
896 3886 1050 3972 debere
1080 3907 1263 3972 autumo.
1332 3884 1509 3971 Pedibus
1535 3887 1688 3972 Iobatis
1721 3883 1895 3972 Fulicee
1922 3883 2190 4001 aliquomodo
2317 3901 2318 3961 I

502 4033 557 4118 ad
585 4035 806 4148 colymbos
831 4035 1055 4122 transitum
1081 4036 1294 4140 efficiunt,
1324 4058 1373 4122 ut
1402 4037 1626 4154 Pholoropi
1638 4075 1654 4136 ,-
1694 4037 1896 4146 etitem,
1937 4060 1986 4127 ut
2016 4041 2073 4125 sd
2107 4036 2188 4126 Pal·

501 4183 695 4302 nipedes
725 4189 1047 4276 RecumIrostro.
1103 4193 1260 4276 Forsan
1288 4187 1393 4276 istae
1421 4188 1668 4309 Iobipedes,
1700 4191 1808 4278 duce
1834 4193 2098 4282 Pennuuto
2123 4217 2187 4308 ge·

499 4363 601 4424 nere
629 4335 967 4454 distinguendae.

875 4603 991 4708 274·
1081 4585 1396 4684 FULICA
1485 4595 1814 4718 Porphyrio.

637 4797 687 4880 F.
715 4821 852 4887 rostro
879 4797 1051 4884 frontali
1083 4799 1347 4920 pedibusque
1374 4801 1535 4915 rubris,
1564 4805 1711 4926 digitis
1737 4803 2017 4925 simplicibus,
2047 4831 2184 4924 corpo·

493 4969 541 5032 rs
567 4947 1066 5042 caeruleo-virescente.
