4696 6054
397 449 601 560 '226
759 586 763 598 ,
1261 477 1406 534 aa

500 706 592 772 etus
618 703 815 788 secutae,
866 707 1040 804 tumque
1069 679 1145 768 det
1171 707 1344 770 omnem
1384 676 1672 768 australiorem
1700 681 1893 770 Rosciam
1921 701 1967 770 et
1993 679 2184 768 Sibiriarn

502 840 555 924 ad
586 843 746 952 Majum
775 867 905 954 usque
935 835 1131 955 copiosae
1160 857 1204 920 et
1232 833 1446 950 gregariae
1475 859 1690 950 vagantur,
1723 837 1881 922 sensim
1909 865 2050 923 versus
2078 835 2186 952 frigi·

500 991 640 1079 diores
666 989 769 1074 situs
798 991 1038 1108 migrantes.
1094 987 1401 1074 Astracbaniae
1429 995 1514 1100 jam
1538 991 1621 1074 fine
1645 987 1863 1076 Februarii
1883 987 2186 1104 transmigrant,

498 1143 546 1232 in
573 1141 716 1228 Persia
746 1165 890 1230 tamen
919 1175 1133 1258 nunquam
1161 1145 1404 1228 observatae
1433 1144 1742 1264 (Gmelin.‘jun.
1770 1151 1901 1228 itiner.
1925 1147 2002 1227 Ill.
2032 1175 2074 1259 p.
2094 1149 2189 1254 dp).

500 1299 663 1388 Adulto
691 1325 815 1404 vere,
868 1319 991 1414 rupta
1020 1295 1178 1414 ubique
1207 1295 1344 1410 glacie
1356 1355 1371 1396 ,
1423 1323 1570 1382 omnes
1597 1293 1644 1381 in
1672 1293 1859 1384 maxima
1884 1293 2074 1380 borealia
2100 1295 2189 1382 loca
2289 1299 2290 1350 4

500 1451 731 1538 secundum
759 1457 918 1562 majora
944 1449 1117 1536 flumina
1153 1451 1337 1549 abeunt,
1391 1445 1465 1533 ubi
1493 1448 1622 1535 clima
1650 1469 1696 1534 et
1720 1446 1919 1538 solitudo.
1944 1445 2189 1560 frigidarum

499 1604 703 1722 paludum
740 1602 850 1720 proli
886 1605 1129 1689 educandae
1166 1603 1323 1687 lavent.
1394 1600 1633 1718 Septembri
1669 1603 1848 1688 redeunt
1877 1629 1973 1684 cum
2000 1599 2122 1716 prole
2149 1623 2190 1686 et
2289 1589 2290 1600 Ν

501 1758 555 1844 ad
582 1755 784 1872 hyemem
813 1785 943 1871 usque
971 1753 1414 1874 intemperatioribus
1442 1777 1613 1870 pastae,
1639 1757 1814 1841 tandem
1843 1750 1890 1841 in
1917 1751 2189 1838 transmarina

499 1909 594 2002 loca
622 1909 815 2024 lugiunt,
869 1908 965 2012 via,
1020 1928 1069 1994 ut
1093 1905 1291 2025 frequens
1319 1906 1558 1994 observatio
1586 1905 1758 2014 docuit,
1814 1935 1892 2023 per
1918 1905 2113 1992 Rosciam
2140 1909 2188 1993 ad

499 2059 781 2150 Occidentem
798 2059 1003 2146 aestivum
1032 2059 1205 2164 directe,
1235 2058 1282 2146 in
1311 2057 1467 2146 Sibiria
1496 2059 1813 2148 adorientem.
1870 2063 1920 2144 ln
1950 2057 2092 2174 Ingria
2118 2059 2188 2146 vix

500 2245 684 2332 unquam
713 2215 890 2329 capitur,
919 2213 1131 2330 quianon
1159 2210 1364 2320 considet,
1394 2211 1499 2299 licet
1525 2211 1697 2332 copiose
1723 2213 2022 2330 transmigrans
2050 2213 2186 2300 audia-
2289 2189 2290 2198 i

499 2389 580 2454 tur.
638 2369 743 2450 Sunt
769 2367 815 2451 in
844 2366 942 2452 cibo
970 2363 1211 2452 deliciosae.
1703 2341 1707 2349 ⁵
2289 2453 2290 2456 a

636 2519 812 2604 Descr.
867 2521 1032 2604 Ansere
1060 2515 1226 2631 vulgari
1250 2519 1346 2637 plus
1375 2518 1559 2608 dimidio
1587 2517 1741 2612 minor.
1812 2523 2005 2608 Rostrum
2029 2518 2187 2640 pallide

498 2669 803 2776 rubicundum,
858 2697 997 2785 ungue
1026 2667 1249 2756 albidiore.
1319 2676 1448 2760 Frons
1472 2675 1559 2762 late
1587 2673 1713 2776 alba,
1739 2704 1812 2763 ora
1836 2675 1969 2760 fusca.
2038 2679 2184 2791 Caput,
2289 2681 2290 2764 ὲ

497 2832 663 2926 collum,
693 2822 1024 2921 fusco-cinerea,
1052 2853 1174 2938 supra
1202 2824 1433 2912 obscurius.
1488 2827 1685 2942 Jugulum
1709 2827 1924 2914 cinereum
1952 2827 2186 2944 plumarum

499 2975 688 3089 margine
718 2975 911 3060 exsoleto
938 2972 1161 3090 nitidoque
1189 2979 1545 3093 subsquamatnm.
1601 2982 1748 3068 Pectus
1774 2981 1985 3080 albidum,
2014 2979 2185 3066 maculis
2289 3003 2290 3056 t

497 3127 741 3214 transversis
768 3127 913 3246 nigris.
981 3133 1133 3214 Latera
1168 3129 1517 3236 fusco-cinerea,
1574 3135 1851 3254 subsqamata.
1926 3135 2186 3252 Uropygr'um
2289 3199 2290 3232 ÷

357 3292 361 3300 '
496 3280 707 3396 nigricat,
759 3291 932 3368 crissum
970 3283 1127 3368 album.
1198 3283 1380 3371 Dorsum
1415 3283 1599 3386 fumum,
1631 3313 1864 3404 gryseoque
1907 3307 2181 3402 squamatum.
2289 3325 2290 3392 ;

497 3435 606 3522 Aloe
633 3460 755 3520 extus
781 3435 1087 3522 coerulescenti
1101 3487 1116 3502 ·
1130 3435 1354 3534 cinereae3
1383 3447 1567 3524 lectrices
1591 3438 1863 3525 secundariae
1890 3437 2079 3552 margine
2106 3458 2181 3522 tar·

497 3585 648 3674 minali
685 3590 807 3692 alb03
872 3601 1046 3704 remiges
1094 3587 1368 3676 secundariae
1409 3612 1524 3676 atrae
1567 3589 1685 3708 quasi
1725 3591 1942 3708 speculum
1981 3585 2179 3676 efficiunt.

498 3739 648 3826 Couda
676 3743 814 3850 braca,
858 3742 955 3828 albo
983 3741 1242 3857 marginata,
1284 3741 1512 3828 rectricum
1547 3759 1607 3832 ι6.
1678 3743 1806 3832 Pedes
1833 3742 1962 3830 rubri.
2018 3741 2181 3828 Pondus

495 3911 524 3996 4
551 3889 767 3980 librarum.
823 3897 1017 3983 Mensura
1044 3921 1253 3980 asummo
1280 3917 1414 3982 rostro
1441 3896 1495 3980 ad
1523 3895 1775 4013 uropygium
1795 3899 1878 3986 12⁸.
1905 3907 2180 4016 erpanserum

495 4041 654 4132 alarum
682 4042 996 4162 quadripedalis
1008 4081 1023 4144 ‚·
1049 4047 1174 4134 ulnae
1202 4047 1362 4134 alarum
1395 4047 1478 4136 15⁰·
1497 4051 1663 4145 ¹caudae
1690 4055 1750 4158 4''.
1781 4053 1852 4138 5⁰2

608 4197 650 4290 β.
682 4197 871 4286 Variatur
901 4203 970 4288 vel
996 4199 1148 4316 junior,
1177 4197 1225 4286 ni
1252 4201 1389 4306 fallor,
1418 4201 1558 4317 proles
1588 4225 1788 4290 autumno
1817 4199 1942 4288 simul
1968 4201 2179 4288 adventata

495 4346 736 4453 simillima,
762 4363 884 4444 rostri
911 4381 1049 4470 ungue
1076 4375 1122 4441 et
1149 4351 1292 4442 carina
1318 4355 1461 4472 nigrat
1488 4365 1625 4472 capite
1652 4356 1849 4472 colloque
1882 4352 2013 4472 magis
2038 4347 2179 4444 fuscis

358 4509 363 4518 ’
493 4523 630 4590 ventre
666 4501 940 4594 immaculato
952 4567 967 4608 ,
1004 4527 1170 4594 tautum
1205 4505 1376 4594 cinereo
1390 4557 1404 4632 7
1417 4509 1649 4610 uebuloso;
1696 4514 1836 4622 fronte
1872 4513 2082 4596 concolora
2110 4501 2177 4588 vel

494 4652 653 4770 exiguo
680 4677 845 4743 tautum
873 4660 1061 4776 margine
1089 4659 1235 4748 albido
1262 4681 1443 4747 rostrum
1468 4658 1665 4776 cingente
1676 4699 1692 4760 ,·
1731 4663 1901 4780 pedibus
1926 4653 2176 4748 obsoletirri·
2289 4681 2290 4720 ³

489 4837 560 4896 me
589 4809 842 4926 sordidaque
871 4839 896 4898 e
924 4811 1221 4924 lusco-rubris,
1250 4811 1431 4904 diversa.
1485 4815 1595 4906 Alae
1623 4813 1725 4902 huic
1753 4815 1922 4906 tmullo
1948 4807 2170 4932 longiores,
2289 4815 2290 4852 ¹

479 4957 584 5050 licet
609 4960 703 5082 ipsa
733 4964 821 5056 fere
850 4963 1009 5056 minor.
2289 4959 2290 4974 '
