4778 6044
508 456 601 554 326
1175 541 1178 552 ⁸
1279 465 1426 516 Ξ

500 683 602 761 ·ιι”.
635 676 710 763 5’”.
737 674 896 762 caudae
926 679 992 776 Μ’.
1022 679 1100 760 5¹¹¹.
1128 672 1253 756 ulnae
1285 665 1442 754 alarum
1477 699 1492 748 t
1536 663 1680 784 pedis,
1738 687 2013 782 expensarum
2041 675 2088 754 δ’.
2121 679 2171 762 1⁰.

507 833 584 912 om.
646 833 699 912 In
723 823 954 912 minoribus
984 839 1034 910 α’.
1065 841 1131 934 9“·
1162 839 1242 910 6¹11.
1272 843 1317 908 et
1345 819 1445 906 ulna
1478 825 1669 905 10‘¹.6‘¹‘.

922 1165 1040 1279 384.
1113 1157 1381 1248 LARUS
1454 1153 1779 1247 cinerarius,

646 1439 695 1522 L.
723 1435 945 1540 candidus,
990 1437 1114 1520 dorso
1142 1464 1268 1538 cano,
1309 1432 1447 1517 lituris
1477 1452 1572 1516 ante
1600 1429 1763 1534 oculos,
1804 1433 1993 1534 nuchae,
2030 1459 2178 1558 tempo

501 1619 681 1705 rumque
707 1587 858 1687 fascis,
900 1610 1033 1674 rostro
1061 1588 1324 1702 pedibusque
1352 1583 1502 1670 rubris.

729 1743 864 1829 Gavia
892 1740 1059 1826 cinerea
1088 1742 1245 1843 minor,
1282 1741 1462 1826 Brisson.
1492 1769 1578 1823 orn.
1609 1735 1679 1820 Vl.
1709 1765 1750 1851 p.
1785 1749 1873 1848 178.
1904 1741 1989 1828 tab.
2026 1749 2181 1862 17.fig.

788 1933 822 1978 1.
852 1895 1068 1978 D’uubent.
1100 1901 1196 2006 pict.
1228 1925 1267 1976 n.
1298 1905 1392 2000 969.

693 2045 974 2148 illittiwalre,
1006 2047 1201 2130 Pennont.
1232 2047 1364 2128 addit.
1394 2045 1450 2128 od
1478 2043 1596 2130 Zool.
1627 2041 1720 2128 bric.
1749 2057 1814 2129 8²¹⁰
1850 2045 1934 2130 tab.
1961 2063 2027 2135 23.
2056 2081 2181 2168 supra.

722 2207 851 2285 Larus
880 2195 1128 2302 cinerarius,
1167 2201 1256 2281 Lin.
1286 2217 1391 2310 syst.
1422 2198 1517 2281 XII.
1548 2176 1584 2282 1,
1613 2231 1654 2311 p,
1688 2215 1780 2300 aaa.
1811 2229 1872 2313 sp.
1902 2219 1942 2304 4.

721 2349 970 2464 Redlegged
1000 2347 1118 2452 Gull,
1149 2353 1338 2436 Latiam.
1370 2351 1538 2434 av..VI.
1568 2381 1608 2463 p.
1641 2363 1734 2436 381.
1763 2381 1802 2434 n.
1842 2381 1903 2434 ιο.
1976 2378 1977 2384 ¹

609 2505 785 2594 Rossice
815 2534 911 2589 cum
941 2499 1035 2586 aliis
1068 2502 1260 2588 affinibus
1292 2501 1510 2588 Tschailsc.

611 2656 774 2744 Tataris
803 2657 1105 2756 Alstscborlals3
1148 2653 1338 2742 Coibalis
1366 2657 1553 2742 Choilbn.

637 2819 689 2898 In
722 2813 897 2897 lacubus
933 2806 1050 2892 salsis
1086 2828 1129 2891 et
1156 2805 1422 2922 salsuginosis
1450 2808 1578 2893 totius
1607 2805 1766 2892 deserti
1792 2835 1968 2922 magnae
1995 2809 2186 2896 Tatariae

501 2989 549 3051 et
577 2963 757 3050 Sibirise
787 2957 1044 3049 australioris
1072 2990 1275 3074 nusquam
1303 2962 1445 3062 deest,
1481 2961 1729 3073 praesertim
1758 2957 1803 3043 in
1833 2989 2082 3076 camporum
2111 2969 2186 3046 Ise-

499 3115 704 3219 tensium,
746 3111 1073 3200 Ischimensium
1113 3135 1157 3197 et
1197 3109 1498 3196 Barabensium
1534 3110 1678 3198 salinis
1717 3133 1763 3196 et
1792 3113 1949 3227 stagnis
1978 3117 2186 3230 frequens,

499 3252 599 3354 cum
625 3277 763 3353 Anate
790 3269 991 3352 Tadorna
1031 3265 1360 3368 circumvolans,
1413 3265 1639 3348 admodum
1676 3251 1928 3350 clamosus
1963 3267 2113 3382 Aprili
2149 3263 2191 3348 in

500 3418 658 3504 Sibiria
685 3417 905 3520 advolant,
947 3414 1117 3532 pariunt
1143 3421 1272 3528 Majo.
1329 3421 1491 3498 Insecta
1521 3415 1636 3498 varia
1665 3439 1888 3520 venantur,
1919 3417 2192 3504 vermiculos·

499 3568 657 3686 quein
685 3567 789 3685 ripis
818 3567 1037 3682 colligunt.
1093 3568 1405 3653 Ovaolivaceo
1432 3566 1605 3682 pallida,
1636 3567 1811 3652 maculis
1840 3569 1967 3654 fuscis
1997 3595 2044 3656 et
2072 3571 2190 3656 obso·

496 3717 722 3808 letioribus
750 3747 908 3835 sparsa,
939 3719 1146 3806 Numenii
1172 3725 1384 3835 Arquatae
1413 3719 1504 3804 ovis
1532 3718 1764 3804 simillima.
1778 3767 1833 3786 -
1853 3721 1979 3807 Circa
2010 3729 2190 3806 Pontum

497 3893 543 3958 et
567 3871 832 3957 Moeotidem
860 3871 1042 3986 vulgaris
1072 3871 1160 3956 avis
1189 3871 1279 3956 solo
1307 3873 1449 3956 colore
1474 3871 1769 3986 palpebrarum
1801 3873 2011 3959 corallino
2041 3907 2066 3958 a
2095 3869 2192 3958 sibi·

496 4021 597 4110 ricis
627 4023 852 4111 distinctae
881 4047 925 4110 et
938 4023 1162 4110 Atricillae
1187 4035 1371 4139 (praeter
1397 4044 1524 4138 caput
1551 4024 1735 4138 nigrum)
1757 4024 1803 4110 in
1832 4024 2035 4111 omnibus
2064 4023 2192 4110 simil·

496 4175 626 4282 lima,
671 4207 778 4293 quae
814 4207 913 4262 vere
953 4200 998 4261 et
1024 4199 1224 4262 autumno
1251 4195 1537 4290 tempestuoso
1564 4176 1668 4260 mari
1698 4177 1744 4262 in
1772 4199 1903 4262 terras
1931 4179 2125 4264 Tauriae
2152 4197 2194 4260 et

497 4324 655 4412 deserti
695 4325 995 4442 Borysthenici
1030 4359 1126 4414 cum
1166 4325 1377 4413 Atrieiuis
1411 4325 1545 4412 mixta
1584 4327 1710 4444 longe
1738 4329 1898 4436 evolat,
1943 4331 2124 4418 Helices
2152 4347 2194 4414 et

495 4475 724 4564 lumbricos
762 4481 1032 4596 conquirens,
1080 4503 1126 4566 et
1153 4477 1358 4595 gregatim
1393 4502 1597 4584 versatur,
1649 4513 1753 4568 voce
1782 4481 1911 4568 etiam
1940 4481 2194 4568 Atticillam

493 4631 703 4728 referens,
739 4654 788 4716 ut
824 4663 948 4750 saepe
987 4633 1268 4720 dubitaverim
1301 4659 1442 4719 nonne
1470 4633 1522 4718 ab
1550 4634 1748 4722 Atticille
1777 4637 1864 4722 sola
1896 4657 2042 4720 aetate
2073 4633 2192 4720 diffe·

494 4800 572 4866 rat.
630 4783 713 4867 Sed
742 4779 923 4870 Sibirica
951 4805 1065 4872 certe
1093 4785 1257 4894 differt,
1289 4815 1368 4874 nec
1395 4813 1492 4874 cum
1520 4787 1719 4875 Atticille
1747 4787 1915 4878 misceri
1941 4789 2085 4890 solet,
2113 4809 2192 4872 nec

493 4931 633 5036 iunior
659 4931 942 5049 distinguitur.
