4734 6070
506 451 591 534 152
1269 411 1415 494 =

502 681 639 768 genua
670 647 792 753 nudi,
822 638 1119 758 tetradaotyli3
1148 639 1274 754 digiti
1298 639 1470 742 breves,
1509 645 1621 760 plico
1659 659 1823 723 tantum
1859 637 2077 726 exterioris
2114 641 2168 726 in·

503 803 710 917 signiore,
754 807 934 918 porticus
960 793 1168 896 minutus,
1210 821 1307 878 cum
1347 819 1485 907 ungue
1526 789 1747 892 incurvum
1803 789 2055 876 anteriorum
2081 821 2171 878 vero

503 985 658 1070 ungues
684 947 966 1068 longiusculi,
1006 943 1215 1047 subulati,
1258 941 1466 1028 maximus
1495 943 1658 1028 medius
1686 965 1730 1028 et
1757 941 1959 1026 interiore
1988 943 2076 1028 acie
2102 975 2173 1030 ser·

503 1131 625 1194 ratus.
654 1155 711 1172 -·
739 1107 1006 1189 Formione
1034 1094 1323 1195 exsoletiores,
1351 1093 1511 1182 circuio
1540 1095 1661 1210 gulae
1688 1094 1826 1180 minus
1855 1123 2063 1210 expresso,
2091 1098 2173 1180 sub·

502 1260 755 1345 maculosae.
811 1257 929 1340 Poll
937 1259 952 1334 i
979 1247 1118 1365 primo
1147 1279 1258 1336 anno
1286 1268 1420 1332 rostro
1448 1247 1575 1363 paulo
1602 1245 1795 1332 breviore
1807 1307 1821 1347 ,
1861 1276 2034 1362 corpore
2067 1279 2177 1362 supra

502 1411 753 1527 scolopaceo
782 1401 971 1522 (plumis
999 1398 1153 1502 fuscis,
1182 1397 1370 1514 margine
1398 1396 1556 1514 gryseis
1570 1407 1613 1512 );
1641 1421 1814 1514 pectore
1842 1401 1960 1485 fusco
1994 1397 2178 1500 liturato,

502 1561 711 1679 uropygio
740 1560 864 1660 albo,
893 1553 1138 1640 taetricibus
1167 1553 1324 1636 caudae
1355 1549 1475 1668 apice
1503 1549 1685 1666 gryseis,
1714 1549 1841 1637 litura
1868 1552 1985 1636 fusca
2012 1549 2157 1636 notatis
2163 1585 2178 1648 ,-

502 1717 637 1804 cauda
664 1709 886 1812 breviore,
915 1704 1226 1821 subforcipata,
1255 1702 1533 1819 omnibusque
1560 1703 1806 1791 rectricibus
1834 1701 2092 1803 rotundatis,
2117 1731 2180 1818 pe·

504 1869 630 1956 dibus
659 1858 961 1950 livescentibus
989 1857 1206 1942 differunt.
1249 1909 1298 1924 -
1340 1858 1595 1942 Adultorum
1623 1859 1786 1974 pondus
1814 1854 2032 1940 unciarum
2062 1887 2110 1960 rs
2135 1857 2182 1940 ad

505 2033 604 2108 Set
632 2019 755 2104 ultra.
825 2009 1064 2126 Longitudo
1106 2010 1159 2092 ad
1188 2007 1439 2123 uropygium
1480 2021 1544 2096 δ”.
1576 2015 1650 2094 om.
1680 2008 1906 2094 rectricum
1941 2005 2185 2092 extimarum

362 2185 371 2204 '
509 2185 575 2262 δ”.
605 2178 684 2278 pm.
715 2161 948 2254 mediarum
978 2172 1042 2248 πθ.
1072 2175 1150 2248 311¹.
1180 2161 1339 2247 alarum
1365 2161 1691 2276 compositarum
1720 2178 1785 2273 711.
1812 2167 1888 2244 dm.
1917 2187 2186 2274 expansarum

513 2341 561 2409 ι’.
598 2328 682 2406 rou.
715 2355 753 2406 o.
782 2313 906 2404 rostri
947 2316 1000 2399 ad
1041 2314 1222 2398 frontem
1264 2323 1376 2422 μω.
1420 2315 1473 2397 ad
1511 2313 1662 2398 rictum
1722 2324 1854 2412 „pu
1894 2313 2100 2396 femorum
2139 2311 2186 2394 ad

506 2483 618 2580 orm.
651 2475 902 2560 nudatorum
939 2480 996 2552 ru.
1030 2475 1129 2551 rom.
1157 2463 1359 2550 tibiarum
1394 2471 1452 2552 r“.
1484 2471 1561 2551 6“‘.
1591 2463 1717 2582 digiti
1745 2461 1877 2550 medii
1906 2471 1974 2574 (c.
1997 2494 2038 2550 u.
2068 2467 2186 2572 tout)

515 2642 575 2716 ru.
603 2623 760 2743 postici
788 2625 924 2732 (rm.)
955 2623 1034 2706 dm.
1412 2589 1415 2596 .
2125 2619 2131 2628 ’

646 2779 763 2864 Not.
776 2850 780 2866 .
793 2777 859 2860 De
873 2751 1160 2856 varietatibus
1187 2771 1360 2886 aDilig.
1389 2775 1604 2857 Latbam
1631 2768 1896 2878 enumeratis,
1926 2801 2015 2858 non
2041 2763 2188 2884 judico.

1076 3207 1226 3315 XLII.
1290 3211 1628 3322 RALLI.

1194 3495 1508 3518 m

651 3687 839 3778 Difficile
869 3707 933 3772 est
959 3685 1167 3773 rationem
1196 3690 1397 3794 reddere,
1436 3719 1563 3808 quare
1590 3697 1753 3780 Natura
1779 3689 1943 3794 Rallis,
1984 3689 2192 3810 plerisque
2319 3765 2320 3789 ,

512 3845 560 3934 in
588 3843 701 3934 sicco
730 3839 999 3942 virentibus,
1027 3841 1159 3953 pedes
1189 3842 1294 3926 adeo
1321 3841 1458 3958 longis
1487 3842 1633 3960 digitis
1659 3845 1883 3933 instructos
1916 3845 2102 3946 dederit,
2126 3838 2195 3960 qui

511 3997 653 4118 potius
681 3991 1016 4111 impedimento,
1045 4020 1171 4104 quam
1201 3998 1441 4108 adjumento
1469 4025 1557 4082 esse
1588 3995 1797 4085 videntur.
1853 3997 1991 4084 Multo
2022 4003 2192 4110 majores

513 4181 636 4256 aves,
677 4147 879 4266 paludosa
919 4141 1024 4228 item
1068 4144 1408 4259 frequentantes,
1451 4148 1677 4234 admodum
1718 4149 1925 4236 mediocri
1969 4149 2194 4266 digitorum
2318 4147 2319 4196 ³

513 4299 786 4420 proportione
815 4297 898 4383 sibi
926 4295 1159 4396 sufficiunt,
1205 4300 1305 4384 dum
1333 4295 1449 4383 Ralli
1483 4329 1560 4414 pro
1587 4299 1785 4388 maximis
1811 4301 1990 4418 pedibus
2018 4301 2194 4417 exiquae

514 4453 639 4542 molis
680 4475 725 4539 et
759 4447 957 4567 ponderis
999 4446 1097 4533 sint.
1181 4455 1248 4534 De
1289 4449 1403 4535 vitae
1443 4480 1595 4564 genere
1625 4481 1772 4540 eorum
1798 4485 1946 4572 parum
1973 4453 2191 4552 novimus,

513 4627 609 4692 sunt
635 4603 751 4690 enim
779 4602 1011 4688 latebrosae
1038 4630 1160 4705 aves,
1190 4601 1436 4718 praesertim
1467 4601 1657 4692 diluculo
1686 4628 1730 4693 et
1763 4631 1894 4693 noctu
1922 4635 2077 4722 vagae,
2117 4629 2193 4688 nec
2317 4579 2318 4605 Ν

516 4755 600 4844 nisi
627 4756 835 4842 excitatae
866 4753 1035 4854 volant,
1075 4751 1255 4870 pedibus
1281 4755 1527 4869 praesertim
1554 4761 1743 4848 fidentes.
1811 4758 2041 4854 Character
2076 4749 2192 4844 rostri

515 4929 561 4998 et
583 4909 766 5026 pedum,
794 4905 894 4992 satis
921 4905 1123 4994 convenit
1149 4905 1196 4990 in
1230 4909 1437 4994 omnibus.
