4770 6042
1027 372 1178 560 ,ἐκ
1939 463 1967 558 s

272 653 448 750 Semina
470 656 584 777 pini,
612 649 788 771 larycis‚
819 651 1077 768 aliarumque
1097 681 1385 756 acerosarum,
1408 675 1454 742 ut
1468 678 1512 742 et
1525 657 1630 748 Alni
1643 689 1828 776 gemmas
1842 663 1963 777 legit.

276 814 482 900 Strobilos
503 810 549 896 in
563 808 722 894 fissuris
739 809 909 928 corticis
933 795 1157 924 praecipue
1185 809 1407 898 resinifluis
1427 809 1584 925 defigit,
1610 836 1655 898 ut
1674 815 1834 901 semina
1854 847 1966 904 corn·

276 966 444 1054 modius
472 959 682 1050 extrahat.
757 960 927 1050 Dicitur
954 963 1024 1048 vel
1052 983 1116 1046 ter
1145 961 1191 1046 in
1220 993 1330 1049 anno
1357 963 1498 1082 pullos
1528 969 1730 1072 educare,
1788 991 1965 1088 certum·

272 1149 359 1234 que
399 1115 510 1203 mihi
549 1138 612 1202 est
653 1113 810 1234 hyeme
850 1114 1074 1213 incubare,
1132 1117 1274 1200 adlato
1312 1117 1529 1202 Februarii
1572 1121 1648 1204 sub
1684 1119 1828 1205 fiinem
1862 1120 1967 1208 nido

276 1302 374 1357 cum
401 1267 541 1387 pullis.
600 1271 890 1354 stellerae
925 1267 1082 1352 Martio
1110 1266 1260 1352 nidum
1288 1239 1384 1352 curn
1411 1267 1503 1354 ovis
1529 1257 1711 1381 invenit.
1769 1279 1818 1356 In
1847 1271 1966 1361 omni

274 1445 413 1508 tractu
443 1431 596 1506 Camae
625 1423 722 1505 fluv.
752 1420 905 1536 passim
921 1437 1010 1537 ‘pro
1039 1418 1194 1504 mensis
1223 1420 1445 1536 capiuntur
1487 1422 1648 1536 laqueis
1676 1452 1700 1507 e
1727 1422 1819 1538 pilo
1834 1423 1964 1541 'equi-

274 1607 356 1679 n0,
409 1605 511 1690 quos
541 1595 727 1658 statuunt
754 1571 919 1690 pueruli
947 1571 993 1657 in
1022 1572 1149 1676 nive,
1203 1553 1539 1688 quamprimum
1568 1575 1712 1679 urina,
1760 1577 1829 1659 vel
1858 1608 1966 1690 aqua

274 1758 377 1814 cum
417 1727 550 1813 farina
591 1749 636 1812 et
676 1727 764 1811 sale
802 1727 1051 1810 fermentata
1085 1727 1386 1840 perluderunt,
1443 1748 1491 1810 ut
1524 1728 1722 1812 flavescat
1766 1759 1964 1843 quorsum

274 1879 564 1967 Crucirostrae
579 1941 601 1980 ,.
633 1877 731 1964 salis
760 1875 1027 1962 avidissimae
1067 1879 1214 1963 crebro
1259 1877 1459 1963 advolant
1487 1853 1531 1964 el
1566 1877 1729 1994 laqueis
1769 1877 1967 1966 intrican-

273 2055 358 2120 tur.
434 2033 592 2148 Captae
620 2029 666 2114 in
694 2059 823 2116 cavea
857 2029 969 2116 intra
996 2026 1111 2114 diem
1148 2029 1409 2137 cicurantur‚
1465 2029 1803 2149 stupidissimas,
1860 2035 1966 2120 licet
2061 2015 2066 2026 ⁵

174 2259 191 2280 .
275 2189 523 2278 cerebrosae
552 2213 662 2268 aves.

414 2339 458 2421 N
465 2358 529 2422 σι’.
565 2372 595 2422 1.
625 2333 917 2439 Pulchriores,
959 2335 1124 2422 intense
1153 2335 1406 2421 cinnabareo
1433 2335 1575 2422 colore
1603 2364 1690 2423 non
1706 2332 1811 2424 vidi
1838 2361 1967 2462 quani

271 2489 325 2579 in
352 2487 558 2616 larycetis
596 2487 822 2575 Dauuriae.
891 2489 1116 2576 Caeterum
1151 2485 1309 2604 hyeme
1346 2487 1536 2572 omnium
1573 2489 1763 2576 colorum
1791 2490 1966 2603 promis·

273 2671 358 2728 cue
388 2665 613 2756 apparent,
660 2639 943 2742 ruberrimae,
988 2638 1217 2726 obsoletius
1253 2641 1426 2737 rubrae,
1466 2637 1594 2724 fulvis
1629 2637 1847 2755 rubrisque
1874 2641 1966 2757 plu·

276 2795 361 2883 mis
397 2795 579 2893 mixtae;
635 2793 911 2891 levissimae,
968 2796 1159 2906 flavoque
1196 2791 1389 2876 cinereae
1418 2767 1788 2878 seu'virescentes.
1834 2799 1963 2879 *Hae

277 2945 513 3035 certissime
551 2943 760 3060 juniores,
803 2945 954 3060 quibus
989 2945 1131 3028 rubras
1158 2943 1321 3058 plumas
1355 2972 1630 3028 succrescere
1645 2944 1750 3030 vidi.
1817 2943 1966 3032 Tertio

280 3130 393 3186 anno
422 3101 560 3185 denuo
595 3102 817 3186 flavescere
846 3129 923 3214 pro
950 3118 1067 3184 certo
1095 3094 1288 3214 accepi‚·
1310 3095 1386 3178 sed
1412 3094 1643 3181 intensiore
1679 3096 1846 3201 colore,
1888 3093 1966 3181 mi·

280 3281 360 3366 nus
389 3251 574 3352 cinereo,
1066 3353 1069 3360 Δ
1668 3261 1671 3268 ’

418 3457 473 3474 -
517 3437 555 3490 a.
597 3407 787 3519 demiges
827 3418 888 3494 ιθ.
927 3400 1109 3489 Maxilla
1145 3397 1320 3486 inferior
1346 3401 1476 3488 modo
1503 3403 1795 3501 dextrorsum,
1838 3403 1965 3488 modo

276 3557 564 3644 sinistrorsum
592 3581 820 3643 recurvata.
878 3562 1021 3670 Cystis
1047 3585 1132 3643 non
1160 3552 1400 3670 conspicua.
1457 3525 1729 3672 Oesoplzagus
1756 3553 1899 3638 medio
1919 3552 1968 3642 iu

280 3691 518 3824 ingluviem
547 3703 758 3797 dilatatus.
814 3711 1014 3798 Prolobus
1041 3709 1333 3824 glandulosus5
1370 3715 1615 3797 ventriculus
1642 3704 1968 3794 carnosissimae.

280 3865 519 3980 longimdo
547 3860 741 3950 intestini
773 3865 851 3970 ιζ’.
884 3865 1020 3950 Cocco
1047 3859 1213 3977 exigua.

680 4183 794 4286 178.
884 4173 1181 4268 Loxln
1277 4177 1580 4306 psittacos.
1634 4216 1639 4232 ⁴

424 4435 472 4518 L.
510 4429 686 4517 maxilla
724 4427 938 4546 superiore
972 4426 1172 4532 incurva,
1212 4425 1342 4542 striga
1370 4429 1528 4516 alarum
1556 4423 1719 4543 duplici
1747 4423 1866 4524 alba,
1905 4449 1969 4512 re·
2064 4401 2073 4412 ⁸

280 4583 469 4702 migibua
496 4582 825 4696 rectricibusque
853 4579 1170 4698 nigricantibus.
1762 4676 1764 4685 ‚

508 4733 724 4826 Rubicilla
758 4734 944 4822 maxima
977 4731 1249 4840 canadensis,
1292 4730 1487 4822 Edward.
1517 4764 1582 4820 av.
1612 4729 1695 4827 aab.
1730 4743 1819 4820 125.
1848 4737 1971 4835 Mau

568 4905 659 5006 ²⁹4·
687 4889 882 4980 foemina.
