4778 6044
490 515 581 642 ast
894 497 899 508 ’
1255 554 1417 676 ,ΕΞ-

485 755 627 844 ventis
654 751 883 872 agitentur,
913 752 1102 870 itemque
1132 749 1178 837 in
1207 749 1440 868 praeruptis
1468 751 1666 870 riparum,
1701 753 1776 838 sub
1809 754 2012 839 arborum
2041 753 2175 842 radici·

485 913 576 998 bus.
646 910 740 994 Oua
768 939 860 996 raro
888 907 1000 993 binis
1028 907 1168 1023 plura,
1213 903 1393 988 anatinis
1425 903 1611 1004 minora,
1674 901 1941 990 virescentis.
2012 911 2177 992 Ventres

487 1061 695 1178 argentati
724 1059 878 1146 horum
906 1059 1210 1174 Colymbomm
1241 1089 1264 1140 a
1295 1057 1599 1143 Barabensibus
1630 1055 1839 1160 Tataris,'
1873 1057 1986 1174 apud
2015 1087 2114 1174 quos
2138 1057 2182 1142 in

488 1215 661 1300 lacubus
690 1211 876 1298 maxime
906 1213 1120 1296 abundant
1148 1233 1191 1294 et
1219 1209 1381 1324 laqueis
1410 1207 1652 1294 natantibus
1684 1207 1929 1325 capiuntur,
1986 1207 2033 1293 in
2061 1209 2184 1294 lacer·

489 1397 564 1452 nas
593 1365 796 1482 pelliceas
825 1386 1102 1466 consuuntur,
1156 1364 1254 1447 satis
1286 1362 1460 1477 quidem
1487 1361 1672 1480 lepidas,
1733 1363 1807 1448 sed
1838 1361 1947 1448 viles
1974 1382 2019 1446 et
2046 1393 2187 1478 pamm

491 1517 726 1635 requisitas,
757 1517 861 1604 licet
882 1545 906 1601 e
927 1515 1161 1630 longinquo
1184 1517 1302 1630 quasi
1319 1514 1499 1630 speculis
1522 1513 1729 1630 argenteis
1754 1535 1928 1630 opertae
1942 1514 2187 1602 ⁸uideantur.

633 1673 804 1758 Descr.
872 1673 1022 1754 Vertere
1064 1689 1109 1750 et
1157 1679 1282 1753 crista
1321 1667 1518 1784 occipitia
1567 1665 1750 1753 bicornis
1791 1665 2013 1782 divergens
2052 1667 2189 1784 nigra,

494 1829 678 1912 cuculbts
706 1819 1116 1936 ferrugineo-fuscus
1145 1819 1247 1903 colli
1276 1819 1447 1905 initium
1476 1819 1677 1934 cingens,
1703 1848 1728 1903 e
1756 1817 1915 1935 plumis
1943 1819 2187 1925 laxioribus,

503 1976 638 2095 pexis.
711 1977 905 2064 Fasciola
946 1973 1062 2077 alba,
1114 2001 1236 2086 supra
1275 1973 1415 2058 'lorum
1456 1973 1638 2076 nudum,
1698 2004 1722 2056 a
1762 1993 1897 2059 rostro
1936 1975 1992 2058 ad
2037 1974 2191 2060 oculos.

498 2131 607 2217 Gaza
632 2156 763 2244 usque
794 2128 848 2212 ad
877 2155 995 2214 aures
1026 2125 1135 2210 alba.
1208 2129 1369 2242 Corpus
1404 2127 1547 2212 subtus
1583 2147 1800 2241 argentato
1818 2123 2014 2232 -album,
2064 2123 2199 2242 hypo·

497 2278 717 2369 chondriis
755 2279 874 2364 lusco
914 2277 1240 2391 lermgineoqua
1281 2278 1506 2364 nebulosis.
1575 2283 1755 2364 Dorsum
1793 2294 1838 2363 et
1872 2286 1966 2366 alae
2008 2277 2199 2366 obsoleta

495 2433 631 2550 nigra.
703 2437 812 2520 Alae
861 2440 1026 2548 spuriae
1092 2429 1293 2518 ulteriore
1343 2429 1556 2548 margine,
1611 2439 1867 2546 remigesque
1922 2427 2200 2518 secundariae

497 2584 779 2672 intermediae
816 2584 950 2670 albae.

638 2739 681 2826 V
685 2749 888 2826 aristas
915 2738 1037 2822 datur
1065 2739 1251 2856 duplex:
1307 2747 1438 2826 altera
1465 2739 1615 2828 bilibri
1644 2745 1800 2854 marion
1856 2747 1996 2829 altera
2024 2739 2104 2826 vix
2131 2764 2206 2824 sex

499 2892 642 2982 decim
670 2891 915 2990 unciarum
961 2889 1205 2978 simillimae
1235 2897 1384 2994 ambo,
1425 2893 1508 2980 nisi
1537 2898 1651 3010 quod
1680 2895 1855 2980 minoris
1884 2891 2075 2979 maxilla
2103 2889 2208 2976 inle-

499 3043 586 3132 rior
614 3043 706 3131 basi
732 3047 948 3144 mbescat,
977 3043 1150 3158 alaeque
1179 3043 1343 3160 spuriae
1370 3043 1498 3131 latius
1525 3047 1659 3133 albae.
1717 3045 1947 3162 Utriusque
1984 3041 2214 3132 varietatis

346 3210 351 3219 '
489 3203 699 3312 foeminae
738 3195 866 3282 crista
906 3195 1049 3301 brevi,
1092 3197 1345 3286 subauritae.
1417 3205 1466 3282 In
1503 3205 1655 3318 majore
1696 3200 1797 3283 ulna
1836 3200 2005 3288 alarum
2043 3201 2110 3313 7⁰.
2143 3199 2211 3284 a'''.

501 3372 681 3436 rostrum
711 3351 769 3434 2⁰.
800 3355 870 3436 5⁰¹.
899 3347 946 3432 in
975 3357 1127 3435 minora
1192 3350 1291 3434 ulna
1319 3363 1377 3437 6⁴2
1407 3349 1475 3438 6²⁰.
1505 3373 1684 3436 rostrum
1714 3353 1770 3438 ι’.
1798 3399 1855 3422 ·-
1882 3355 2055 3439 *Anne
2086 3351 2213 3466 hujus

503 3499 663 3618 speciei
694 3506 855 3620 juvenis
881 3507 993 3605 avis,
1050 3531 1177 3616 quam
1209 3501 1256 3588 in
1285 3505 1395 3591 ostio
1422 3509 1571 3589 Navae
1600 3505 1643 3588 fl.
1671 3525 1840 3620 captam
1867 3503 1931 3591 sie
1970 3503 2213 3623 descripsi:

502 3655 633 3740 Irides
659 3654 805 3738 flavae.
861 3655 1053 3738 Rostrum
1080 3683 1237 3742 corneo
1255 3654 1453 3763 -albens,
1498 3687 1621 3773 supra
1647 3655 1841 3776 infraque
1869 3657 2214 3775 longitudinali·

500 3829 567 3892 ter
593 3807 840 3891 lascescens.
896 3809 1146 3920 Magnitudo
1168 3808 1262 3896 Col.
1292 3809 1473 3896 cornuti.
1530 3814 1667 3927 Caput
1694 3841 1818 3927 supra
1845 3810 2043 3927 nigrum.
2101 3817 2221 3898 Vitta

502 3961 620 4063 albo,
675 3960 875 4073 fuscoque
915 3955 1053 4064 varia,
1111 3963 1165 4048 ad
1204 3985 1383 4049 rostrum
1418 3955 1602 4062 bifurca,
1656 3993 1735 4081 per
1760 3963 1970 4052 verticem
2003 3967 2222 4084 simplex,

501 4109 665 4228 postica
695 4112 836 4196 denuo
862 4111 1067 4197 bifurcata
1098 4113 1191 4200 exit
1216 4113 1262 4200 in
1293 4115 1511 4202 fasciculos
1530 4117 1743 4232 plumosos
1770 4115 1975 4224 nucham,
2010 4119 2222 4236 utrinque

503 4262 779 4366 subeuntem,
821 4287 1030 4350 ornantes.
1099 4271 1243 4357 Litura
1284 4267 1481 4385 occipitis
1522 4270 1631 4356 alba.
1694 4277 1853 4356 'Latera
1894 4271 2069 4388 capitis
2112 4274 2223 4372 alba,

503 4415 634 4502 fascia
682 4413 876 4532 obliqua,
946 4416 1166 4536 liturisque
1222 4421 1353 4536 nigris
1402 4419 1544 4524 raria3
1616 4423 1711 4538 gula
1752 4425 2064 4512 subcucullata
2111 4429 2221 4512 alba.

502 4573 673 4656 Fascius
702 4569 786 4654 duo
815 4569 955 4666 albae,
984 4601 1008 4654 a
1054 4569 1193 4658 nucha
1219 4605 1296 4690 per
1321 4574 1533 4662 cervicem
1559 4574 1721 4690 nigram
1750 4576 2142 4691 longitudinales,
2174 4601 2218 4662 et

503 4726 647 4809 subtus
675 4721 834 4806 collum
870 4721 1049 4851 album
1096 4727 1277 4814 Dorsum
1312 4728 1504 4844 nigrum3
1557 4751 1695 4816 uenter
1728 4729 1853 4814 albo·
1869 4759 2123 4846 argenteus
2152 4761 2227 4850 per

501 4873 633 4960 latera
662 4874 885 4960 rufescens.
941 4877 1122 4962 Brachia
1149 4879 1306 4966 alarum
1336 4880 1702 4997 longitudinaliter
1730 4885 1838 4970 alba.
1902 4887 2127 5004 Remigas
2165 4923 2223 4972 ιι.

502 5023 727 5144 primariae
754 5023 899 5143 nigrae
914 5065 927 5130 ι
981 5033 1088 5118 bad
1121 5067 1186 5118 ιι.
1216 5032 1336 5152 apice
1363 5036 1504 5141 albas,
1559 5035 1713 5122 sensim
1743 5033 1951 5141 ulterius;
2028 5077 2099 5134 ra.
2130 5064 2223 5130 tota
