4734 6070
834 591 839 596 ,
944 489 1095 581 =÷¹
1772 477 1858 586 ¹⁶5

190 693 407 788 strictum
435 723 633 814 quaerere
660 693 923 814 praeferam
971 699 1086 784 unde
1112 718 1159 800 ct
1185 696 1344 816 pedum
1371 695 1582 790 diversam
1612 721 1862 820 semcturam

187 847 468 968 explicaveris.

601 1107 717 1196 aso.
801 1069 1234 1194 Nunnurus
1306 1105 1435 1197 rats.

308 1314 366 1397 N.
395 1338 570 1427 corpore
597 1309 806 1417 candido,
832 1308 1061 1428 remigibus
1088 1311 1242 1428 nigris,
1269 1311 1379 1401 facie
1410 1313 1524 1428 nuda
1549 1314 1697 1420 mbra,
1728 1333 1866 1400 rostro

183 1463 296 1551 luten

387 1613 476 1703 Ibis
504 1611 698 1723 candida,
729 1623 910 1706 Brisson.
940 1650 1027 1706 om.
1055 1622 1106 1706 V.
1135 1653 1176 1735 p.
1207 1631 1301 1728 349.
1329 1651 1392 1734 sp.
1428 1639 1490 1726 14.
1517 1641 1636 1740 certe
1660 1615 1862 1707 exclussis

443 1770 641 1886 plurimis
669 1771 929 1888 synonymis.
986 1775 1149 1860 Marsil.
1179 1774 1335 1858 danub.
1362 1775 1412 1860 V.
1443 1773 1529 1860 tab.
1570 1833 1574 1846 ·

388 1924 590 2048 Tpntalus
625 1923 732 2030 Ibis,
793 1928 885 2010 Lin.
915 1946 1023 2038 syst.
1049 1927 1147 2010 XII.
1175 1959 1217 2043 p.
1247 1944 1340 2034 241.
1367 1959 1430 2042 sp.
1459 1943 1499 2034 4.
1528 1926 1682 2044 excluo
1709 1954 1863 2042 synoy·
1902 2015 1905 2020 .

442 2107 513 2162 mo
542 2079 814 2196 Hassclquist.
1582 2179 1586 2192 ¹

386 2230 474 2316 Ibis
502 2231 845 2344 blanc1Buffcn.
874 2264 965 2332 ortt,-
992 2233 1107 2320 Vm.
1136 2267 1177 2350 p.
1212 2251 1273 2344 14.
1303 2233 1389 2322 tab.
1423 2268 1457 2321 r.
1512 2235 1743 2338 D’arcbent.
1762 2240 1863 2350 pict.

444 2416 484 2469 n.
514 2398 609 2490 389.
1500 2369 1504 2374 ¹

392 2537 604 2652 Egyptian
634 2537 747 2638 Ibis,
774 2542 964 2626 batham.
991 2573 1057 2628 av.
1086 2545 1134 2636 V.
1163 2574 1203 2658 p.
1239 2533 1393 2626 inan.
1427 2569 1491 2625 ro.

176 2765 180 2771 .
305 2693 359 2774 In
388 2691 701 2778 australioribus
730 2690 843 2776 circa
871 2701 1050 2780 Pontum
1082 2691 1318 2796 Euxinum,
1349 2694 1404 2778 ad
1431 2698 1571 2808 Tyras
1596 2693 1639 2777 ll.
1667 2689 1787 2797 ostia,
1815 2711 1864 2777 ut

174 2861 214 2926 et
242 2845 297 2928 ad
328 2871 442 2927 mare
470 2842 671 2958 caspium,
699 2877 785 2930 non
813 2869 955 2932 tamen
985 2849 1037 2932 ad
1065 2849 1228 2962 Volgae
1255 2848 1363 2933 ostia
1390 2875 1519 2960 usque
1548 2845 1743 2950 occurrit,
1773 2843 1864 2930 ubi·

175 3023 249 3109 que
277 2995 426 3081 rarior.
494 2998 565 3080 Ad
598 2999 711 3082 lacus
751 3003 904 3116 Sarpae
931 3005 973 3086 ll.
1000 2999 1049 3084 in
1076 3001 1243 3086 deserto
1271 2999 1415 3116 caspio
1444 2996 1607 3082 eminus
1636 2996 1748 3082 mihi
1774 2995 1864 3083 visa
1937 3077 1940 3084 ,

174 3149 270 3252 ruit,
301 3151 378 3236 sed
407 3171 623 3234 venatores
651 3157 739 3264 ejus
756 3177 1011 3270 ,compotem
1043 3183 1110 3238 me
1126 3153 1280 3278 ¹lucere
1306 3183 1392 3238 non
1420 3133 1634 3267 potuere„

173 3379 176 3389 .
305 3305 353 3390 N
358 3323 425 3424 ot.
455 3301 694 3422 Fulcinello
724 3313 868 3420 major.
934 3305 1100 3394 Ibidem
1127 3305 1394 3420 antiquomm
1422 3331 1447 3388 e
1477 3332 1630 3418 genere
1656 3300 1862 3388 Numeni-

173 3485 288 3542 omm
320 3455 472 3554 fuisse,
512 3486 597 3543 non
626 3487 720 3543 eam
749 3489 875 3576 quam
915 3462 961 3544 H
965 3470 1101 3548 assel
1111 3469 1246 3578 quist
1290 3454 1535 3570 descripsit,
1579 3487 1769 3573 quaeque
1799 3477 1863 3542 est

170 3611 332 3709 Ardea,
383 3615 583 3723 Egrettae
619 3611 777 3712 affinis,
817 3613 1070 3728 jampridem
1098 3611 1235 3698 didici
1260 3641 1284 3696 s
1312 3607 1454 3695 rostris
1483 3608 1655 3728 Ibidum
1683 3640 1737 3696 ex
1758 3607 1862 3727 ipsis

170 3760 479 3879 Aegyptiomm
507 3763 622 3848 urnis
650 3763 926 3881 depromptis,
955 3795 1128 3880 quarum
1149 3763 1385 3878 complures
1407 3763 1646 3846 asservabat
1673 3766 1864 3882 Massam
1966 3771 1973 3779 “

171 3913 421 4000 δετεηὶεείηιὶ
463 3915 722 4036 Ρτίηείρίε
762 3921 1004 4022 Auriaci,
1058 3914 1446 4031 flagae-comitum
1484 3917 1697 4029 quondam
1716 3915 1862 4034 splen·

167 4065 299 4172 dens,
338 4095 449 4154 nunc
475 4099 501 4152 a
529 4069 662 4156 Gallis
691 4070 932 4189 spoliatum.
988 4074 1141 4158 Forma
1167 4070 1244 4154 illa
1272 4063 1658 4154 rostra‘Falcinelli
1684 4088 1865 4153 rostrum

169 4219 221 4304 ad
256 4219 456 4306 amussim
492 4223 687 4310 referunt.
755 4225 882 4310 Tales
916 4222 1048 4310 etiam
1085 4220 1321 4310 delineavit
1358 4219 1639 4308 Edwards
1681 4225 1768 4335 (av.
1803 4219 1861 4304 II.

167 4373 255 4479 lab.
292 4381 404 4488 105.)

484 4635 599 4725 ρει.
672 4623 1110 4723 nunnurus
1182 4625 1552 4720 nazaraenus.
1617 4552 1655 4626 ³

305 4845 363 4924 N.
391 4839 501 4927 facie
527 4839 792 4960 pedibusque
820 4838 1074 4931 virescenti·
1089 4836 1246 4956 nigris,
1294 4865 1472 4955 corpore
1499 4837 1644 4944 fusco,
1699 4831 1864 4924 sericeo

164 4989 502 5106 splendescente.
1530 4969 1536 4982 ¹
