4734 6070
414 453 475 556 84
1194 459 1342 516 ΕΞ

553 665 744 752 Variatur
771 683 919 778 torque
949 661 1044 746 alba
1072 658 1119 746 in
1149 659 1441 774 Mongolorum
1471 654 1674 761 desertis,
1717 653 1903 746 maxima
1931 656 1977 744 in
2006 659 2105 746 cali·

412 815 602 908 diorlbus
632 847 773 904 versus
802 847 966 904 murum
995 815 1216 914 Sinarum,
1246 809 1512 898 arundinosis
1540 809 1647 897 locis
1675 808 1889 910 occurrit;
1920 833 2105 900 attamen

407 969 517 1062 baec
547 1001 632 1056 non
660 973 779 1058 deest
807 968 936 1056 etiam
965 967 1078 1054 circa
1106 965 1392 1080 Dalay·noor
1428 985 1474 1050 et
1499 962 1546 1049 in
1574 961 1724 1048 calidis
1759 963 2023 1052 convallibus
2050 969 2106 1056 ad

409 1131 629 1240 Argunum
657 1123 700 1206 fl.
729 1119 924 1236 circaque
952 1119 1192 1234 Abagaitu‚
1235 1113 1325 1202 imo
1352 1145 1483 1234 usque
1513 1118 1567 1202 ad
1595 1113 1872 1230 argentariam
1900 1117 2106 1208 ustrinam

410 1283 639 1378 llutomar,
670 1295 827 1360 aestate
857 1275 1130 1358 observantur
1170 1293 1214 1356 et
1255 1267 1418 1383 laqueis
1446 1266 1682 1386 capiuntur.
1750 1269 1871 1354 Hanc
1911 1269 2108 1386 depingit

405 1431 607 1516 Bucboz
634 1429 748 1514 leon.
775 1436 922 1514 sinens.
956 1425 1061 1511 Tob.
1089 1458 1157 1534 92.
1216 1429 1383 1538 Hyeme
1412 1422 1657 1538 congelatos
1695 1424 1844 1508 crebro
1880 1421 2105 1536 Kjachtam

405 1575 602 1667 adlemnt
626 1578 825 1667 Sinenses
852 1601 1131 1674 mercatores,
1157 1577 1232 1661 sed
1262 1573 1469 1662 colchicis
1496 1596 1618 1688 gustu
1638 1555 1817 1690 pejores.
1871 1578 2105 1666 Abundant

405 1729 593 1820 maxime
623 1729 736 1820 circa
775 1733 940 1848 nigrum
970 1731 1270 1846 Mongolorum
1296 1727 1474 1814 fluvium
1502 1727 1865 1842 (Charo-muria)
1893 1752 1938 1815 et
1964 1733 2103 1817 obser·

405 1907 532 1970 vante
566 1883 781 1971 Ysbrando
806 1887 900 1972 Ides
943 1884 995 1969 ad
1021 1887 1066 1970 fl.
1109 1885 1203 1968 Jalo
1242 1881 1350 1970 citra
1385 1879 1534 1964 urbem
1561 1885 1689 1964 Noun
1730 1880 1801 1965 vel
1829 1879 2020 1999 Xixigar.
2050 1933 2101 1954 -

402 2039 475 2122 Ad
504 2037 707 2138 Cumam,
746 2039 894 2126 Cuban
922 2067 996 2122 seu
1023 2034 1295 2142 Anticaetam
1322 2035 1422 2118 fluv.
1467 2053 1511 2118 et
1552 2061 1667 2118 mare
1704 2032 1891 2150 caspium
1919 2033 2008 2120 vivi
2035 2065 2102 2124 ca·

402 2187 576 2306 piuntur
604 2189 766 2306 laqueis
793 2221 870 2307 per
896 2188 1087 2275 tramites
1114 2186 1308 2294 statutis,
1337 2215 1442 2300 quos
1470 2182 1553 2272 sibi
1579 2184 1627 2270 in
1647 2185 1926 2274 Artmdinetis
1953 2191 2097 2276 crebro

402 2369 525 2426 cursu
553 2341 806 2466 effecerunt..
855 2345 1017 2427 Horum
1047 2338 1377 2456 descriptionem
1405 2359 1450 2422 et
1476 2336 1808 2428 delineationem
1839 2339 1937 2426 vide
1965 2341 2012 2426 in
2040 2343 2101 2430 ul·

403 2490 511 2579 timo
540 2521 637 2580 meo
663 2497 878 2582 itinerario
907 2495 1040 2612 (Lips.
1076 2527 1192 2605 ¹7t·9·
1222 2511 1293 2598 4to
1317 2497 1402 2580 ool.
1428 2493 1463 2577 l.
1493 2523 1531 2608 p.
1560 2525 1578 2558 ·‘
1605 2541 1621 2558 ·
1649 2511 1689 2576 et
1716 2539 1732 2556 ·
1759 2543 1775 2560 ·
1803 2555 1813 2576 .
1878 2497 1929 2578 Iu
1954 2493 2098 2582 Tauri·

400 2675 452 2732 ca
479 2643 745 2734 Chersoneso
785 2649 986 2764 Principis
1027 2649 1295 2733 Potemlrin
1332 2653 1496 2761 jussae
1544 2642 1710 2732 Cubani
1751 2641 1923 2760 regione
1965 2633 2101 2735 adlati

398 2793 601 2890 Phasiani
630 2800 842 2916 quondam
871 2797 1016 2885 emissi
1043 2822 1139 2885 sunt
1166 2823 1211 2884 et
1237 2797 1284 2886 in
1312 2795 1523 2886 montanis
1548 2794 1681 2914 sylvis
1708 2828 1820 2885 nunc
1847 2799 2003 2918 passim
2030 2833 2097 2889 va·

398 2949 490 3068 gari
518 2950 742 3057 dicuntur,
772 2954 849 3038 sed
877 2949 1034 3068 exiguo
1061 2983 1246 3040 numero.
1575 2923 1578 2929 Ι

534 3107 708 3194 Descr.
739 3105 781 3190 V
777 3113 963 3191 arietatio
990 3113 1267 3221 mongolicas:
1303 3107 1440 3224 Caput
1466 3135 1565 3194 cum
1603 3103 1731 3195 initio
1758 3081 1863 3196 colli
1890 3105 2098 3200 sericeum

395 3257 662 3360 coendeum3
692 3267 849 3375 torquis
875 3257 961 3342 lata
989 3259 1085 3346 alba
1114 3259 1226 3346 circa
1254 3259 1444 3346 medium
1473 3260 1643 3348 collum.
1701 3263 1847 3350 Pectus
1872 3263 1990 3350 fulvo
2003 3295 2095 3354 -au·

394 3439 543 3514 reum,
572 3409 730 3526 plumis
759 3433 850 3497 atro
878 3411 1138 3528 marginatis.
1195 3414 1342 3502 Pectus
1370 3435 1416 3500 et
1442 3415 1651 3502 abdomen
1680 3415 1825 3502 medio
1857 3417 2094 3518 atra31ate·

394 3591 441 3648 ra
468 3561 614 3667 fulva,
642 3559 798 3680 plumis
826 3562 947 3680 apice
978 3564 1122 3681 nigris.
1192 3568 1374 3652 Dorsum
1409 3567 1566 3686 plumis
1604 3567 1725 3657 disco
1762 3567 1921 3686 partim
1947 3569 2095 3687 nigris,

396 3742 495 3798 arcu
523 3715 800 3821 flavescente,
828 3715 984 3834 partim
1011 3697 1286 3806 flavescentes
1314 3719 1460 3808 medio
1490 3721 1608 3808 lusco
1635 3721 1873 3828 undulatae,
1902 3751 1980 3838 per
2006 3755 2091 3814 am·

394 3863 535 3952 bitum
561 3887 798 3974 testaceos,
828 3867 967 3956 nitore
995 3871 1238 3960 coenrlante
1267 3869 1442 3962 sericeo.
1513 3876 1779 3994 Uropygium
1817 3906 1940 3996 supra
1978 3875 2093 3994 jubis

394 4017 587 4105 obsolete
614 4021 814 4136 cyaneis,
843 4021 977 4109 latere
1005 4024 1123 4112 fulvo
1150 4027 1347 4129 rubrumr
1375 4037 1547 4117 onasum
1573 4030 1749 4118 fuscum.
1816 4033 1925 4120 Aloe
1957 4031 2092 4124 varie·

392 4169 661 4284 gatissimae‚
699 4171 948 4262 testricibus
976 4171 1233 4266 secundariis
1260 4186 1417 4296 majore
1456 4205 1577 4303 parta
1616 4185 2088 4274 cano-eoendesceoti-

390 4321 482 4410 bus.
539 4325 688 4458 Gauda
714 4324 945 4416 exsoletius
972 4329 1108 4438 fulva,
1137 4332 1279 4422 fasciis
1306 4335 1550 4422 transversis
1577 4333 1808 4423 linearibus
1836 4335 1950 4426 atris.
2005 4343 2087 4430 Ro·

389 4495 521 4565 strum
547 4477 799 4580 flavescens3
828 4481 950 4589 pedes
977 4482 1114 4604 nigri,
1156 4487 1318 4574 calcare
1346 4487 1511 4577 conico.
1589 4493 1783 4614 Mensura
1810 4491 1863 4576 ad
1889 4493 2088 4612 uropygi·

389 4657 464 4716 um
497 4627 540 4718 t'.
570 4633 626 4718 2⁰.
657 4665 692 4716 o.
721 4630 844 4720 rostri
872 4637 927 4722 ad
954 4637 1137 4726 frontem
1172 4641 1222 4725 r''.
1268 4641 1328 4729 tm.
1370 4643 1426 4728 ad
1467 4644 1657 4730 fraenum
1704 4647 1757 4732 r''.
1786 4645 1858 4734 3”’.
1914 4645 2086 4736 Caudae

386 4781 546 4872 mediis
572 4779 726 4901 pennis
760 4789 804 4872 r‘.
832 4790 892 4876 δ”.
922 4821 961 4876 ο.
987 4791 1115 4876 ulnae
1155 4791 1313 4880 alarum
1355 4799 1418 4906 9''.
1445 4797 1517 4904 qm.
1559 4793 1691 4884 tibiae
1736 4799 1797 4885 2⁰.
1838 4797 1910 4885 δ”.
1951 4797 2083 4915 digiti

388 4933 527 5026 medai
554 4935 691 5028 antici
718 4943 857 5052 (cum
880 4969 1020 5064 ungue
1048 4945 1156 5066 om.)
1185 4947 1243 5036 s'‘.
1270 4947 1430 5070 postici
1474 4958 1545 5068 (c.
1573 4981 1615 5042 u.
1657 4953 1778 5066 alm.)
1806 4951 1878 5070 7'‘'.
1904 4950 2084 5044 calcaria
